1623 2915
70 248 160 291 sive
188 241 333 292 malis:

278 322 416 379 δημοῦ
443 319 618 375 ἀναΐξει,
647 319 872 379 βοσκήσεις
899 317 943 364 θ’
958 320 1018 367 ,οἵ
1042 320 1089 364 κέ
1119 316 1155 364 α’
1186 309 1339 377 ἕχωσιιῖ

68 400 119 439 ut
156 410 307 440 sensus
341 398 419 440 sit:
460 396 584 439 nidor
624 401 767 439 autem
797 396 878 439 tibi
909 396 1089 439 eximius
1121 410 1289 452 semper
1321 411 1374 440 ex
1403 388 1623 451 ementes·

70 476 230 527 surget,
261 472 512 526 nutriesque
545 470 671 528 (eos),
700 472 773 525 qui
804 474 849 513 te
878 470 1079 523 incolent,
1109 484 1241 514 manu
1270 470 1412 515 aliena
1443 456 1544 516 cet}
1595 472 1622 529 ῥ’

754 633 793 684 ἓ.
829 633 893 672 ll.

552 723 644 756 De
669 731 797 757 vss.
823 722 1092 757 61-139,

207 802 387 845 Versum
415 803 480 845 73.
514 801 565 846 G,
596 801 871 845 Hermannus
902 804 1024 845 uncis
1054 801 1241 854 inclusit,
1273 816 1409 856 quum*
1432 817 1470 846 v,
1503 805 1571 846 72.

69 891 165 919 cum
217 877 299 919 edd
320 909 331 920 .
382 880 485 918 vett.
529 877 691 930 legeret
733 872 940 935 ἆτιμήσῃ,
988 890 1072 930 qua
1102 889 1203 918 sane
1234 875 1372 919 forma
1400 877 1600 920 vincula

36 1000 43 1007 ⁶
68 952 276 994 orationis
306 950 631 1006 abrumpamur,
662 952 744 993 nisi
776 965 870 993 cum
901 951 1077 1005 Ilgenio,
1109 952 1157 992 A.
1190 942 1440 1004 Matthiaeo,
1471 951 1593 994 aliis·

72 1026 125 1070 H.
161 1026 423 1081 Stephanum
456 1030 628 1069 secutus
660 1023 706 1068 δὲ
737 1030 835 1081 post
866 1020 955 1082 ὤση
984 1026 1089 1068 velis
1119 1026 1319 1069 inserere.
1367 1025 1449 1069 Sed
1471 1040 1572 1069 neu·
1621 1064 1623 1066 ,

69 1108 139 1143 tra
183 1103 295 1144 ratio
340 1102 509 1144 videtur
548 1115 640 1143 esse
678 1100 920 1155 probanda3
958 1115 1058 1143 nam
1089 1102 1124 1142 si
1154 1101 1367 1156 parti-cula
1398 1093 1591 1154 excidit)

68 1180 184 1218 certe
223 1190 308 1219 non
353 1181 477 1231 post,
530 1176 604 1218 sed
648 1180 747 1218 ante
778 1176 896 1218 illam
928 1189 1072 1218 vocem
1104 1185 1197 1218 erat
1226 1176 1474 1229 inserenda,
1527 1178 1570 1219 et

67 1250 341 1294 Hermannus
382 1266 556 1306 prorsus
586 1252 758 1293 incaute
791 1252 890 1304 egit,
922 1252 1122 1305 quoniam
1155 1252 1292 1293 eiecto
1322 1266 1360 1296 v,
1394 1254 1444 1293 73
1476 1249 1570 1292 sub-

69 1327 294 1381 sequentia
332 1326 447 1367 omni
489 1326 711 1368 intellectu
759 1325 967 1369 destituta
997 1329 1110 1367 sunt.
1171 1325 1304 1368 Immo
1336 1317 1584 1369 rectissinie'

66 1402 390 1443 Baumeisterus
422 1401 640 1454 vulgatam
672 1397 856 1457 ἇτιμήσῃ
874 1403 905 1454 ¹)
937 1402 979 1442 in
1011 1400 1230 1452 Parisinis,
1264 1402 1336 1455 qui
1361 1396 1573 1457 ἀτιμήσας

65 1475 287 1531 praebent,
319 1475 573 1530 prudentem
606 1482 890 1517 correctorem
923 1479 1093 1517 nactam
1125 1489 1216 1517 esse
1247 1475 1465 1527 iudicavit,
1499 1461 1573 1518 ne·-

67 1565 149 1606 que
188 1564 284 1592 oum
326 1549 511 1593 Frankio
553 1543 810 1602 timendum,
861 1564 913 1591 ne
958 1554 1132 1605 recepta
1169 1549 1251 1592 hac
1292 1550 1474 1594 lectione
1502 1563 1573 1593 res

53 1622 274 1680 'primaria
304 1626 533 1680 participio
566 1627 622 1667 sit
654 1639 866 1679 expressa,
900 1626 935 1666 si
968 1625 1140 1678 quidem
1171 1640 1255 1667 non
1285 1624 1334 1666 τὸ
1366 1609 1577 1682 ἀτιμῆσαιΔ

65 1714 155 1741 rem
194 1700 444 1755 primariam
483 1704 654 1754 oportet
688 1699 865 1751 habere,
905 1698 979 1741 sed
1016 1698 1066 1740 τὸ
1095 1694 1203 1742 ὦσαι
1233 1698 1335 1750 ἁλὸς
1364 1698 1409 1742 ἐν
1438 1695 1570 1742 πελάτ
1616 1694 1620 1697 ’

66 1789 222 1836 yeoocv,
298 1775 497 1817 Ceterum
550 1775 808 1817 {ocutionem
848 1776 979 1818 ποσσι
1019 1775 1319 1832 καταστρέψας
1358 1765 1568 1817 neminem
1600 1760 1613 1801 Ῐ

67 1864 163 1892 cum
194 1833 432 1892 Matthiaeo
473 1850 536 1891 ita
567 1864 863 1904 perversurum
897 1850 1076 1903 confido,
1107 1855 1155 1893 ut
1184 1851 1433 1911 intellegat:
1475 1835 1595 1907 cum

65 1926 169 1979 ipsis
208 1925 424 1967 radicibus
461 1926 489 1968 i.
527 1939 560 1966 e
600 1924 792 1966 funditus
834 1929 1052 1977 evertens,
1097 1925 1199 1967 sed
1210 1939 1306 1967 cum
1349 1924 1621 1967 Schieren·-··

65 1999 212 2053 bergio
253 1999 360 2040 illud
401 1999 570 2041 H01atii
602 2000 644 2039 in
676 2000 863 2040 animum
894 2004 1219 2041 revocaturum
1257 2000 1485 2051 „iniuiioso
1515 2013 1568 2042 ne

65 2073 171 2128 pede
202 2087 384 2127 proruas
416 2078 601 2114 stantem
631 2073 883 2115 columnam.
890 2077 908 2095 “
927 2073 959 2129 ²)

203 2147 382 2190 Versum
415 2149 481 2190 78.
514 2148 635 2190 co.dd
668 2148 804 2192 Paris.
837 2149 993 2204 insigni
1024 2149 1232 2192 varietate
1263 2150 1326 2192 ita
1343 2147 1569 2192 exhibent.
1602 2201 1604 2203 ,

272 2220 385 2264 omia
414 2220 664 2280 ποιήσονται
696 2220 852 2265 ἕκαστά
882 2239 929 2265 τε
959 2223 1076 2281 φῦλα
1104 2220 1320 2266 νεπούδων

66 2298 182 2353 quod
223 2299 317 2340 iure
362 2298 503 2340 nullus
549 2299 762 2340 editorum
793 2300 837 2340 in
864 2303 1031 2341 textum
1063 2300 1238 2354 recepit.
1299 2299 1411 2341 Nam
1441 2313 1570 2354 quum
1599 2325 1615 2360 -Λ

66 2376 168 2415 ante
217 2372 602 2414 Ahxandrinorum
650 2377 837 2415 aetatem
871 2373 1124 2415 vocabulum
1155 2371 1334 2423 νέποδες
1363 2387 1605 2431 nusquam:
1613 2381 1622 2428 ᾗ.

62 2449 126 2490 ita
157 2430 354 2489 absolute
377 2448 563 2501 positum
596 2451 795 2488 occurrat
825 2452 868 2489 et
898 2447 1013 2501 apud
1044 2447 1278 2489 Homerum
1310 2441 1387 2490 Od.
1420 2443 1453 2489 δ’
1486 2443 1605 2491 407
1596 2436 1623 2463 '⁴

63 2525 270 2566 vocentur
308 2537 447 2578 φωκαι
485 2521 663 2571 νέποδες
692 2521 823 2578 καλῆς
848 2518 1116 2577 Ἀλυσύδνης,
1148 2537 1244 2564 cum
1275 2522 1513 2565 Matthiaeo
1527 2503 1623 2581 ³)-3j'l

207 2661 228 2704 ⁹)
256 2660 335 2695 Itali
361 2659 532 2695 exhibent
565 2661 748 2712 ἀτιμήσω.

201 2730 229 2773 ²)
253 2729 376 2764 Horat.
403 2740 507 2764 carm.
535 2732 565 2772 1,
590 2729 644 2772 35,
673 2729 725 2765 14.

199 2792 229 2836 ³)
254 2793 298 2826 A.
324 2791 451 2827 Matth.
476 2792 678 2827 animadvv,
702 2804 736 2836 p.
763 2793 828 2826 124
853 2803 907 2836 sq.
