1623 2915
799 130 857 169 44

68 280 116 323 se
142 264 305 309 habet?
336 279 476 310 nonne
507 267 600 309 iure
631 279 728 308 cum
759 262 1076 308 Schneidewino
1091 265 1121 320 ¹)
1154 264 1368 319 quispiam
1398 253 1589 325 ‘fixeritis

67 340 336 397 ineptissime
373 345 542 398 poetam
584 341 750 397 epicum
798 339 916 383 illius
964 340 1122 383 aetatis
1138 373 1149 393 ‚
1200 352 1287 394 qua
1328 326 1576 392 innumera-v

68 416 175 459 bilia
204 417 397 458 carmina
426 415 724 465 conderentur,
755 414 808 456 de
839 414 994 457 eximia
1025 426 1198 456 suorum
1229 412 1343 468 apud
1373 416 1571 468 posteros
1613 414 1615 422 '

68 490 197 534 laude
247 490 471 546 cogitare?
536 490 671 532 Immo
723 503 822 531 vero
871 488 952 531 hoc
990 491 1078 530 tam
1118 487 1223 530 facit
1267 489 1358 530 sine
1397 486 1570 539 invidia,

70 579 198 621 quam
230 564 389 620 ubique
420 565 578 608 similia
609 563 757 606 dicunt
788 562 1003 622 Homerici
1028 562 1192 615 heroes,
1223 566 1266 605 et
1285 561 1570 609 immortalem
1591 616 1605 629 ι

69 641 318 683 memoriam
368 654 418 682 ac
468 640 646 694 gloriam
696 653 841 681 omnes
891 639 1077 681 omnium
1131 642 1370 692 temporum
1420 640 1572 691 poetae

70 715 311 769 aequaliter
356 714 436 757 sibi
476 714 775 768 promiserunt.
855 713 1123 767 Quamquam
1163 726 1351 765 versum,
1402 710 1593 767 qualem*

68 788 169 832 libri
217 803 315 832 eum
354 789 615 844 exhibeant,
667 788 771 830 ferri
819 802 904 830 non
950 802 1073 843 posse
1121 787 1302 843 libentes
1347 785 1574 829 Schneide-

69 864 179 906 wino
225 864 495 906 concedimus
544 867 587 904 et
636 863 689 904 ob
739 876 883 905 vocem
934 865 1093 914 πᾶσαι,
1147 876 1257 917 quae
1301 861 1573 916 arrogantior

71 941 137 981 est
164 972 174 990 ‚
237 942 281 980 et
337 943 513 993 propter
568 934 837 992 μετόπισθεν
901 937 1164 980 incommode
1230 951 1326 979 cum
1381 941 1572 991 tempore

70 1012 288 1068 praesenti
351 1013 647 1066 coniunctum,
704 1014 956 1068 praesertim
1007 1026 1138 1067 quum
1191 1015 1283 1054 tota
1336 1012 1572 1054 sententiae

71 1086 355 1130 conformatio
399 1086 589 1140 habeat,'
624 1088 668 1130 in
709 1101 793 1142 quo
824 1087 1074 1140 offendaris;
1116 1087 1244 1142 „quid
1273 1088 1384 1131 enim
1415 1087 1573 1130 attinet

70 1165 265 1217 tempore
306 1162 523 1216 praesenti
562 1162 689 1216 plane
726 1162 920 1216 neglecto
951 1166 1120 1216 poetam
1165 1163 1217 1205 de
1262 1163 1353 1204 sola
1394 1163 1575 1217 posteri-

69 1237 174 1280 tatis
222 1236 351 1279 laude
399 1236 641 1291 cogitare?“
662 1237 695 1294 2)
764 1237 847 1279 Sed
889 1237 1004 1291 quod
1051 1236 1392 1297 Schnei'dewinus
1435 1238 1573 1292 suspi-

71 1315 193 1353 catus
221 1315 307 1352 est:

275 1406 354 1445 τοῦ
382 1407 512 1446 πᾶσιν
540 1400 803 1461 μερόπεσσιν
832 1399 1125 1460 ἀριστεύουσιν
1154 1402 1311 1456 ἀοιδαί,

70 1498 225 1540 merito
266 1512 350 1541 non
391 1499 529 1540 minus
568 1498 735 1540 videtur
773 1497 984 1540 offendere
1021 1512 1149 1553 quam
1197 1498 1405 1540 librorum
1435 1500 1574 1540 πᾶσαι

72 1570 217 1615 ἀοιδαί
228 1587 238 1628 3
298 1577 449 1615 contra
507 1587 653 1615 omnes
715 1572 1002 1615 dubitationes
1052 1576 1242 1614 removet
1285 1569 1574 1628 Hermanni‘⁸)

73 1648 344 1690 coniectura:

280 1742 358 1781 τοῦ
387 1753 470 1796 περ
499 1738 571 1780 καὶ
599 1734 866 1793 μετόπισθεν
896 1735 1216 1796 ἀριστεύσουσιν
1245 1736 1405 1783 ἀοιδαί.

107 1882 113 1887 ⁶
212 1832 378 1881 Restat,
409 1835 458 1874 ut
489 1832 541 1875 de
572 1831 764 1883 versibus
798 1833 1022 1874 174—176
1053 1847 1080 1874 a
1100 1831 1366 1886 Ruhnkenio‚
1398 1834 1574 1889 Ilgenio,

80 1909 128 1952 A.
178 1907 418 1950 Matthiaeo
470 1906 723 1962 improbatis
773 1906 998 1948 dicendum
1049 1920 1140 1949 esse
1186 1907 1396 1951 videatur.
1455 1908 1578 1952 Eius-

72 1982 191 2025 modi
230 1982 342 2026 enim
384 1996 528 2025 omnes
568 1986 676 2034 tres,
718 1983 900 2024 maxime
930 1996 1029 2024 vero
1061 1997 1229 2025 versum
1266 1986 1358 2035 176,
1389 1982 1580 2026 affirmat

77 2071 169 2100 esse
207 2056 504 2108 Ruhnkenius,
544 2062 592 2099 ut
622 2071 746 2100 nemo
765 2092 774 2109 ,
816 2057 946 2100 semel
975 2058 1183 2111 monitus,
1216 2072 1287 2101 eos
1317 2072 1394 2114 pro
1425 2057 1579 2102 Home-

72 2133 174 2174 ricis
206 2133 262 2173 sit
290 2132 543 2185 habiturus;
577 2132 690 2186 quod
722 2136 867 2174 tamen
898 2134 1308 2187 argumentumipsi
1340 2132 1578 2176 Matthiaeo

72 2207 213 2250 minus
260 2212 424 2249 certum
463 2221 554 2249 esse
585 2207 766 2250 videtur.
827 2208 885 2250 Et
915 2223 960 2249 re
993 2223 1092 2250 vera
1122 2208 1166 2250 hi
1198 2222 1344 2250 versus
1375 2209 1577 2250 maxime-

73 2294 156 2336 que
185 2283 247 2334 is,
279 2295 404 2336 quem
436 2282 619 2324 maxime
650 2281 868 2337 vituperat
899 2282 1198 2332 Ruhnkenius‚
1230 2296 1489 2337 quamquam
1522 2281 1579 2324 ad

70 2360 268 2400 nostrum
311 2371 481 2399 sensum
522 2346 677 2411 p'arum
715 2357 881 2399 venusti
922 2356 1145 2409 videntur,
1186 2362 1331 2418 tamen
1367 2371 1464 2401 eum
1501 2356 1578 2399 ha-

72 2429 177 2473 bent
218 2432 422 2486 antiquae
472 2431 761 2487 simplicitatis
813 2432 997 2475 colorem
1017 2466 1026 2484 ‚
1078 2436 1126 2474 ut
1165 2435 1336 2486 praeter
1372 2431 1479 2475 alios
1509 2444 1580 2486 ge-

12 2524 15 2526 ’
73 2506 195 2547 nuini
223 2506 441 2548 iudicandi
472 2507 569 2549 sint.
632 2505 874 2549 Offenditur
913 2506 1065 2549 deinde
1096 2506 1305 2548 Matthiae
1341 2505 1487 2560 „valde
1515 2506 1580 2549 in·
1621 2543 1623 2547 .

204 2679 238 2730 ι’)
263 2679 555 2715 Schneidewinus
580 2679 603 2715 l.
630 2690 658 2716 c.
684 2691 717 2726 p.
742 2679 785 2715 23
812 2690 861 2725 sq.

214 2744 243 2788 ²)
268 2742 319 2778 Cf.
344 2743 466 2778 Baum.
492 2744 513 2778 l.
539 2755 569 2778 c.

215 2804 243 2853 ³)*
264 2806 373 2842 Herm
408 2807 444 2843 in
468 2807 584 2842 Iahnii
608 2807 729 2844 annau
770 2819 800 2843 v.
826 2806 890 2842 Lu
916 2819 949 2853 p.
980 2807 1053 2842 135.
