1623 2915
798 103 851 149 45

8 253 19 257 '⁴
43 235 46 237 ’
74 243 200 302 epta⁴⁴
241 247 538 302 pronominum
579 244 704 302 ἡμεῖς
742 250 786 288 et
814 245 898 301 ἐγὼ
928 247 1178 297 variatione,
1210 259 1339 300 quam
1369 247 1406 288 si
1432 246 1566 288 Fran-

0 345 3 348 ,
74 318 170 365 kius
196 320 258 364 ita
285 334 488 364 excusare
513 319 670 374 studet,
699 324 749 363 ut
784 316 910 378 ἡμεῖς
937 320 992 363 ad
1021 319 1226 364 familiam
1256 319 1568 376 rhapsodorum

14 404 18 410 ’
55 395 176 438 *velit
191 396 418 451 pertinere,
439 409 532 437 cum
549 394 711 450 Ilgenio
726 395 842 448 facit,
859 397 933 450 qui
952 397 996 437 in
1011 395 1200 438 versibus
1217 397 1376 438 nostris
1392 396 1567 451 rhapso-

73 469 223 513 dorum
241 469 582 530 additamentum
602 469 683 512 sibi
699 469 1016 525 deprehendere
1029 470 1142 513 visus
1157 475 1239 512 est:
1262 471 1380 522 „Non
1393 470 1567 513 fraudu-

70 544 210 588 lenter
225 548 356 599 agunt
372 543 586 599 rhapsodi,
601 544 676 587 sed
692 544 862 587 disertis
878 543 1018 587 verbis
1035 560 1079 588 se
1096 547 1261 588 auctori
1276 545 1418 600 hymni
1436 559 1567 600 oppo-

71 616 202 673 nunt3
222 619 297 661 ubi
316 621 426 661 enim
450 621 699 673 praecessit:
721 619 825 670 Quis
850 620 1006 661 cecinit
1024 620 1137 662 hunc
1152 620 1386 675 hymnum?
1405 620 1566 662 Coecus

70 694 147 758 vir,
198 695 270 749 qui
300 695 345 736 in
395 694 499 737 Chio
548 693 732 746 habitat,
785 694 970 737 addunt:
1027 696 1147 737 cuius
1205 700 1353 737 cantus
1399 709 1565 750 semper

69 770 293 812 victoriam
333 768 564 825 deportant
595 769 747 826 (intell,
777 770 821 812 in
852 769 1158 812 certaminibus
1188 770 1380 823 musicis)
1414 775 1456 812 et
1486 783 1563 812 nos

68 858 145 899 per
203 858 275 886 eos
330 845 510 899 gloriam
568 849 752 887 vestram
801 848 1124 899 propagamus.“
1142 846 1174 900 ¹)
1236 848 1290 886 At
1349 843 1560 898 quomodo

67 918 270 973 rhapsodi
310 919 354 961 in
399 918 546 962 eodem
588 920 774 961 carmine
820 934 931 961 nunc
970 920 1158 962 auctoris
1210 919 1419 975 (dicentes
1450 915 1564 974 ἐγώ),

68 1007 180 1035 nunc
223 994 411 1049 ipsorum
464 995 633 1036 nomine
694 993 901 1050 (dicentes
962 991 1104 1050 ἡμεῖς)
1146 1007 1297 1036 canere
1321 994 1563 1048 potuerint,

67 1072 119 1111 ut
147 1068 390 1112 auditorum
422 1069 552 1112 animi
582 1076 667 1111 non
696 1068 1063 1124 perturbarentur,
1094 1068 1197 1111 mihi
1227 1067 1396 1122 quidem
1426 1069 1564 1110 minus

67 1144 341 1198 perspicuum
390 1148 485 1195 est3
534 1145 663 1186 immo
707 1144 843 1197 magis
893 1144 1024 1185 etiam
1073 1144 1263 1198 ineptam
1301 1147 1415 1184 recte
1453 1142 1563 1184 iudi-

71 1217 189 1260 cabis
218 1220 524 1273 *pronominum
565 1219 867 1271 variationem,
915 1219 951 1260 si
993 1218 1117 1274 ἡμεῖς
1146 1217 1203 1260 ad
1231 1217 1468 1270 rhapsodos
1499 1232 1564 1259 re-

70 1291 244 1336 feratur.
307 1292 391 1334 Sed
429 1293 664 1334 variatione
705 1292 781 1333 illa
813 1292 897 1334 iam
938 1291 1053 1347 apud
1082 1292 1312 1333 Homerum
1345 1291 1450 1332 nihil
1480 1292 1565 1333 usi-

68 1367 227 1420 tatius3
273 1365 431 1410 sufficit
468 1367 677 1422 insignem
721 1367 935 1410 ascribere
974 1368 1115 1410 locum
1151 1367 1201 1409 11.
1241 1369 1286 1407 N
1327 1367 1409 1408 256
1455 1381 1562 1420 sqq„

68 1441 143 1484 ubi
172 1441 277 1484 haec
308 1441 520 1485 Meriones
549 1442 776 1485 Idomeneo
806 1441 1053 1497 respondet:

205 1514 437 1575 ἔρχομαι,
468 1517 510 1559 εἴ
536 1517 579 1560 τί
606 1531 674 1559 τοι
704 1515 826 1572 ἔγχος
855 1516 916 1560 ἐνὶ
940 1517 1124 1573 κλισίῃσι
1151 1517 1379 1570 λέλειπται,

205 1589 437 1645 οἰσόμενος·
466 1586 515 1633 ‘td
545 1606 594 1633 νυ
622 1590 702 1649 γὰρ
727 1588 959 1654 κατεάξαμ
971 1606 1034 1644 εν,
1072 1587 1097 1632 ὃ
1131 1591 1234 1649 πρὶν
1271 1590 1492 1645 ἔχεσκον,

203 1664 369 1710 ἀσπίδα
398 1663 637 1725 Δηϊφόβοιο
664 1666 817 1722 βαλών
846 1665 1210 1725 ὑπερηνορέοντος.

203 1742 402 1795 Accedit,
461 1743 575 1796 quod
634 1749 780 1786 nostro
820 1743 913 1785 loco
956 1756 1086 1785 causa
1127 1742 1376 1784 variationis
1419 1741 1560 1784 afferri

64 1820 206 1873 potest
235 1818 406 1871 idonea;
437 1833 686 1874 praegresso
723 1820 836 1862 enim
866 1816 991 1872 ὑμεῖς
1020 1821 1121 1873 apte
1148 1819 1378 1872 opponitur
1410 1815 1559 1873 ἡμεῖςς

65 1893 291 1947 insequens
322 1908 421 1936 vero
462 1890 598 1950 αὖτᾶρ
628 1892 733 1949 ἐγών
762 1894 963 1936 sollennis
994 1898 1058 1936 est
1087 1892 1337 1947 hymnorum
1370 1892 1561 1934 Homeri·

66 1981 213 2011 corum
243 1969 446 2012 clausula.

145 2174 166 2204 3
201 2141 266 2183 Ex
314 2141 510 2184 omnibus
551 2142 702 2198 igitur,
749 2155 858 2197 quae
895 2142 939 2184 in
970 2141 1107 2184 altera
1136 2140 1216 2184 hac
1248 2139 1560 2183 dissertationis

63 2222 235 2259 nostrae
281 2222 402 2271 parte
446 2217 668 2271 disputata
712 2221 834 2269 sunt,
880 2217 1082 2269 efficitur,
1127 2217 1326 2271 hymnum
1359 2217 1402 2257 in
1436 2216 1560 2269 Apol—

63 2290 192 2343 linem
243 2292 437 2343 Delium,
483 2292 694 2345 quomodo
747 2281 801 2334 ab
847 2293 1023 2346 antiquo
1076 2295 1173 2333 vate
1220 2290 1322 2332 Chio
1378 2292 1559 2344 primum

64 2365 258 2407 conditus
303 2369 370 2415 sit,
408 2368 649 2408 constitisse
697 2366 763 2408 his
794 2366 1004 2407 vei-sibus:
1039 2369 1190 2406 1—13.
1253 2366 1317 2408 19.
1381 2364 1557 2406 25-29.

62 2436 181 2496 (post
211 2455 246 2482 v.
279 2441 332 2482 29
365 2427 561 2483 lacunam
592 2446 832 2484 statuamus
863 2440 1064 2496 oportet).
1124 2441 1303 2481 30—95.
1348 2440 1558 2482 97—135.

65 2514 159 2558 139.
221 2517 458 2560 140-178,

208 2689 227 2729 ¹)
252 2688 365 2732 llgen.
388 2688 422 2724 h.
447 2688 491 2724 H.
517 2700 550 2733 p.
577 2687 655 2725 243.
