1623 2915
0 768 44 842 ζΝ.

133 500 191 556 ,·²)
220 498 443 553 Athonem,
475 500 701 551 Pelionem,
735 500 1006 543 Mimantem
1039 499 1245 551 Corycum
1276 502 1440 539 montes
1467 509 1558 537 esse

0 607 29 670 ..ἵ
64 566 337 640 excipiendos
366 586 503 627 neque
533 573 839 624 dubitandum,
872 574 973 626 quin
1001 574 1187 614 Lemnus
1215 577 1346 624 atque
1378 569 1557 619 Imbrus,

17 649 137 693 et
140 658 256 701 quae
277 646 424 688 adhuc
443 647 563 688 Darii
579 647 806 701 Hystaspis
836 651 978 688 aetate
1001 660 1025 687 a
1048 645 1237 698 Pelasgis
1257 644 1558 693 incolerentur,
1569 647 1572 651 '

21 728 286 774 nunquam
304 734 461 783 §acras
490 716 726 773 legationes
756 721 799 761 in
833 720 980 761 Delum
1013 719 1216 760 miserint.
1259 718 1387 759 Cuius
1418 717 1561 758 studia

16 793 142 855 qui
167 787 334 848 excepit
363 806 413 835 ac
443 798 691 848 persecutus
722 798 789 835 est
819 794 1137 836 Baumeisterus
1170 797 1213 834 et
1242 793 1332 846 ipse
1369 804 1440 843 „eo
1466 804 1560 845 per-

20 868 202 939 ¹venit,
239 872 287 910 ut
326 868 614 922 intellegeret,
662 867 851 910 nondum
890 868 1033 909 omnia
1063 866 1118 909 ad
1148 865 1354 920 liquidum
1385 865 1560 921 perduci

11 945 205 1011 Ροεεθ.
209 946 228 965 “
247 943 282 998 ²)
340 942 398 984 Et
446 942 638 997 profecto
688 946 941 997 argumenta
991 941 1045 984 ab
1089 956 1138 984 eo
1183 941 1318 983 allata
1361 953 1556 993 magnam

30 1014 236 1072 partem
268 1018 373 1059 satis
402 1016 571 1058 infirma
610 1020 719 1059 sunt.
780 1016 948 1058 Montes
985 1018 1095 1057 enim
1134 1016 1231 1057 illos
1269 1014 1383 1068 quod
1427 1015 1559 1056 vicem

64 1094 217 1152 3611616
247 1089 468 1133 contendit
497 1090 663 1133 uibium
696 1091 942 1143 vicinarum,
975 1089 1045 1132 ubi
1069 1090 1307 1145 Apollinem
1333 1090 1377 1131 in
1396 1088 1557 1133 honore

0 1153 9 1217 ἶ,
65 1153 197 1212 fuisse
226 1169 404 1215 constet,
434 1165 490 1207 ad
512 1165 720 1207 Athonem
741 1169 855 1206 certe
887 1164 967 1206 hoc
989 1179 1071 1206 non
1093 1166 1291 1219 pertinet,
1322 1177 1383 1219 nex
1406 1163 1561 1217 dicam,

20 1236 158 1297 ⁸2.un
188 1240 241 1283 de
272 1254 403 1282 causa
432 1244 597 1282 montes
627 1254 704 1293 pro
736 1239 912 1282 urbibus
945 1241 1090 1281 vicinis
1122 1241 1427 1290 nominentu1·,.
1455 1240 1559 1281 mihi

0 1317 15 1342 ³'
37 1312 45 1348 Ῑ-
66 1314 238 1371 quidem
267 1315 405 1356 minus
437 1327 528 1356 esse
558 1314 845 1368 perspicuum.
907 1314 1013 1355 Tum
1055 1313 1107 1356 de
1137 1313 1279 1355 Imbro
1326 1317 1368 1355 et
1398 1313 1558 1356 Lemno

43 1379 231 1430 necnon
263 1388 315 1430 de
347 1388 642 1430 Samothracia
683 1388 739 1429 ad
769 1388 816 1428 E.
852 1388 987 1430 Curtii
1019 1388 1070 1429 de
1102 1388 1275 1429 Ionibus
1305 1389 1561 1442 disputatio-

41 1476 164 1505 ⁴nem
193 1477 233 1518 p.
266 1463 319 1504 23
366 1476 458 1517 sqq.
501 1461 728 1516 confugere
766 1463 954 1517 cogitur,
1007 1462 1080 1516 qui
1119 1463 1205 1504 iam
1247 1462 1347 1503 belli
1386 1462 1559 1505 Troiani

37 1541 322 1592 “tempestate
352 1537 475 1578 Iones
515 1536 592 1577 has
635 1537 796 1579 insulas
839 1538 1065 1579 incoluisse
1108 1538 1352 1579 coniectura
1383 1537 1559 1592 colligit.

0 1622 16 1645 ‘e
52 1611 162 1654 ‘Huc
191 1612 300 1654 adde
330 1611 444 1665 quod
474 1626 526 1652 ne
557 1611 608 1651 de
640 1612 723 1652 situ
755 1612 924 1664 quidem
955 1612 1246 1665 quorundam,
1295 1626 1399 1664 quos
1429 1616 1559 1665 poeta

4 1671 237 1739 ‘attuli't‚.
261 1685 449 1729 locorum
481 1684 714 1740 quidquam
743 1684 955 1728 affirmare
986 1701 1221 1742 possumus.
1273 1685 1356 1729 Sed
1383 1685 1558 1741 longum

0 1758 133 1814 :istest
160 1761 304 1801 omnia
333 1761 528 1813 persequi
540 1759 554 1814 ;'
582 1762 672 1813 ipse
702 1761 1020 1801 Baumeisterus
1049 1761 1288 1802 rationibus
1318 1774 1343 1800 a
1373 1774 1417 1801 se
1448 1761 1555 1802 alla-

2 1823 123 1877 tis
151 1837 322 1890 tantum
353 1832 550 1888 confidit,
599 1838 649 1877 ut
682 1848 790 1888 „non
819 1849 1075 1890 magnopere
1105 1835 1358 1887 reluctetur,
1389 1835 1425 1877 si
1455 1835 1551 1889 quis

0 1896 233 1972 {gvfyersum
276 1912 329 1951 36
368 1910 676 1963 interpolatum
712 1910 897 1961 iudicet,
942 1911 1196 1963 praesertim
1245 1924 1385 1964 quum·
1418 1910 1556 1950 iustus

3 1970 182 2043 ζξὶοτᾲᾳ,
213 1996 297 2038 quo
325 1987 454 2038 poeta
484 1987 633 2026 utatur
662 1984 707 2026 in
736 1984 816 2026 hac
848 1986 1179 2036 enumeratione,
1210 1991 1356 2039 aperte
1387 1998 1437 2026 eo
1468 1985 1555 2027 vio-

23 2040 214 2120 ‘'„leturff
279 2058 335 2100 At
363 2058 500 2100 iustus
531 2058 603 2100 ille
634 2058 738 2101 ordo
769 2058 972 2101 facillime
1003 2064 1145 2114 potest
1174 2059 1351 2102 restitui
1374 2073 1558 2102 commu-

0 2131 169 2184 tatis
199 2131 403 2174 versibus
419 2135 485 2184 35,
518 2135 584 2184 36,
617 2132 730 2186 quod
753 2134 789 2174 si
810 2133 878 2174 cui
899 2147 982 2175 non
1005 2133 1256 2185 satisfaciat,
1287 2136 1330 2174 in
1356 2138 1557 2188 promptu

0 2197 133 2256 {isset
166 2220 366 2249 versuum
412 2205 602 2249 ordinem
647 2208 707 2249 sic
747 2208 1024 2250 constituere:
1071 2210 1137 2260 33,
1176 2211 1243 2261 36,
1291 2211 1357 2260 34,
1390 2209 1458 2260 37,
1491 2210 1557 2250 35.

0 2254 40 2285 ..Ἶ-

0 2282 21 2340 ᾗ
60 2272 224 2322 Eadem
254 2294 396 2331 causa,
426 2282 668 2335 neglectum
697 2281 792 2323 dico
822 2282 1015 2324 ordinem
1041 2283 1214 2334 iustum,
1247 2296 1339 2323 eum
1360 2282 1554 2337 impellit,

0 2365 33 2428 ’ἐξ

0 2785 151 2915 ἐξ.

24 2342 112 2399 'ut
141 2349 287 2412 vocem
315 2356 478 2412 Σκῦρος
506 2370 543 2398 v.
576 2351 648 2398 35
661 2358 902 2412 suspicetur
941 2371 1031 2399 esse
1063 2362 1332 2412 corruptam,
1363 2372 1441 2411 pro
1472 2372 1568 2411 qua.>

3 2416 179 2480 &mh
209 2443 340 2486 opera
368 2435 468 2488 post
497 2430 619 2474 Idam
649 2426 801 2489 Χρύση
837 2431 973 2487 possit
1003 2430 1232 2487 substitui3
1275 2435 1320 2473 at
1350 2431 1445 2488 quis
1476 2431 1556 2474 La·

0 2504 211 2554 itonam
238 2518 266 2547 a
295 2505 457 2560 Chryse
493 2506 633 2549 insula
668 2505 905 2560 profectam
941 2507 1089 2548 statim
1125 2507 1362 2550 Phocaeam
1403 2505 1560 2549 adiisse

219 2618 298 2628 ...7--
299 2619 331 2624 ἡ

208 2679 231 2715 “)
256 2676 570 2723 Schierenbergius
593 2678 615 2713 l.
639 2689 669 2713 c.
693 2690 727 2723 p.
756 2677 812 2712 17.

144 2726 147 2730 ‘
199 2740 231 2785 ²)
251 2739 514 2777 Bmmeistems
538 2741 574 2777 h.
595 2740 642 2778 Η.
666 2752 702 2787 p.
726 2741 791 2776 123
817 2733 894 2786 sqq.
