1623 2915
797 117 851 160 37

0 243 189 315 {filiano
218 255 469 298 varietatem
512 241 586 298 ad⁸
606 254 927 297 antecedentem
968 268 1135 297 versum
1178 257 1373 308 spectare
1413 267 1565 297 censeo

71 320 125 375 et'
157 330 491 386 comparationis
533 344 666 372 causa
709 330 753 371 in
799 330 990 384 margine
1036 343 1127 371 esse
1176 329 1404 383 appietam,
1452 328 1564 371 unde

71 406 222 461 postea
268 405 361 448 loco
393 404 650 447 alienissimo
679 405 723 446 in
754 403 920 445 textum
949 405 1184 457 irrepserit.
1247 388 1422 445 Accedit
1453 403 1565 456 quod

9 492 40 533 ἢ
70 492 149 526 suo
177 480 269 523 iure
291 479 607 523 Baumeisterus
630 478 817 521 formam
840 475 1056 521 νεπούδων
1075 478 1304 522 barbarum
1329 482 1564 520 monstrum

70 554 286 610 appellat,
328 556 395 596 cui
427 569 479 596 ex
524 555 635 596 omni
676 556 935 607 antiquitate
965 555 1127 596 nullum
1161 556 1296 607 possit
1326 554 1564 607 exemplum

10 652 25 677 -χ
45 662 48 663 ⁷
70 642 330 674 succurrere.
391 628 551 671 Contra
580 628 756 683 vulgata
786 629 955 671 omnino
986 628 1092 670 bene
1125 643 1168 670 se
1198 627 1327 670 habet
1355 641 1490 682 neque
1521 628 1564 669 in

13 749 14 752 Ἴ
46 715 170 755 jvoce
200 700 356 759 ἀκηδέα
390 703 708 754 offendendum,
741 717 867 756 quam
900 717 998 744 cave
1030 717 1082 744 ne
1113 717 1210 743 cum
1242 702 1492 743 Ruhnkenio
1524 706 1566 742 et

73 776 258 832 Spiessio
289 776 591 819 adverbialiter
621 778 805 831 accipias
837 791 914 832 pro
946 774 1131 833 ἆκηδῶς,
1164 791 1331 828 secure,
1363 778 1439 817 aut
1469 791 1565 817 cum

66 848 182 894 οἰκία
218 853 282 894 ita
323 852 579 906 coniungas,
615 855 663 893 ut
698 853 784 893 sive
823 852 1055 894 secundum
1097 852 1377 893 Matthiaeum
1415 851 1564 892 domus

21 934 24 936 ’
69 927 290 981 neglectae
322 922 632 981 significentur,
665 927 769 987 sive,
802 927 916 980 quod
946 927 1107 980 Ilgenio
1137 927 1320 980 placuit,
1354 941 1428 980 per
1459 926 1564 980 figu-

66 1015 158 1045 ram
198 1001 255 1044 ad
292 1001 439 1044 domos
483 1001 754 1044 transtulisse
792 1005 963 1056 poetam
996 1001 1157 1053 credas,
1191 1001 1304 1055 quod
1334 989 1564 1055 de'phocis

64 1076 171 1131 ipsis
216 1076 345 1118 fuerit
383 1076 620 1118 dicendum.
681 1075 752 1117 Nil
784 1090 889 1130 opus
921 1080 986 1118 est
1015 1077 1080 1118 his
1112 1076 1376 1130 ambagibus,
1408 1076 1440 1117 si
1475 1076 1566 1129 qui—

68 1150 165 1193 dem
196 1146 354 1207 ἀκηδής
383 1151 512 1192 etiam
543 1151 679 1193 active
711 1150 762 1193 de
793 1151 846 1192 iis
877 1155 1128 1205 usurpatur,
1162 1152 1234 1205 qui
1266 1165 1369 1193 cura.
1399 1154 1564 1202 vacant,

64 1229 188 1284 utet
217 1226 273 1266 sit
303 1240 322 1267 s
340 1239 541 1267 ecurus
571 1229 616 1267 et
645 1230 818 1278 tutus;
848 1230 970 1268 tutae
1000 1227 1131 1279 igitur
1160 1213 1353 1267 latebrae
1374 1226 1443 1266 hic
1465 1229 1566 1267 sunt

41 1310 46 1312 “
65 1299 391 1355 intellegendae.

203 1375 306 1416 Post
350 1389 387 1415 v,
435 1377 502 1416 81.
552 1376 806 1417 necessitate
848 1375 964 1416 haud
1004 1380 1184 1428 urgente
1222 1376 1400 1417 lacunae
1444 1377 1566 1430 signa

64 1450 208 1505 posuit
230 1450 279 1492 G.
301 1449 583 1492 Hermannus.
630 1439 762 1502 „Nam
778 1446 940 1498 πάντας
956 1447 1024 1492 ἐπ’
1046 1447 1340 1507 ἆνθρώποι)ς“,
1361 1452 1516 1505 inquit,
1532 1453 1563 1507 ¹)

73 1525 157 1577 „sic
186 1509 447 1579 intellegere,
478 1528 526 1567 ut
556 1522 774 1567 oraculum
807 1524 977 1567 dicatur
1002 1526 1189 1567 omnium
1220 1524 1436 1567 hominum
1456 1540 1567 1568 com-

67 1613 193 1642 mune
224 1600 326 1650 fore,
358 1601 549 1653 ineptum
580 1604 646 1641 est
675 1599 937 1653 praegressis
964 1600 1101 1642 verbis
1121 1597 1299 1653 ἐζιιμεναι
1329 1597 1567 1657 ἀνθρώπων

66 1669 329 1732 χρηστήριον.
390 1674 542 1729 Apollo
584 1679 727 1716 autem
762 1675 797 1716 si
831 1679 1056 1729 putaretur
1086 1675 1236 1726 iuberi,
1269 1674 1439 1717 condito
1472 1690 1566 1718 ora-

69 1749 165 1791 culo
197 1749 304 1790 alias
335 1753 482 1803 gentes
511 1749 704 1804 invisere,
735 1763 819 1791 non
850 1749 986 1791 solum
1018 1752 1189 1792 omissio
1213 1749 1329 1791 verbi
1351 1750 1427 1791 ἰ’τω
1448 1765 1567 1804 pror-

66 1838 138 1866 sus
177 1822 232 1865 ab
263 1823 487 1867 Homerico
518 1838 599 1865 usu
629 1823 899 1876 abhorreret,
945 1824 1019 1866 sed
1049 1824 1312 1883 perabsurde
1344 1826 1473 1867 etiam
1504 1825 1566 1867 di-

68 1905 239 1940 ceretur
269 1894 432 1947 πάντας
464 1895 529 1939 ἐπ’
560 1893 827 1955 ἀνθρώπους.
887 1899 937 1940 Id
968 1899 1178 1940 Homerus
1209 1899 1275 1940 vel
1307 1899 1395 1940 eius
1426 1900 1566 1942 imita-

67 1971 361 2025 torwlixisset:
396 1968 519 2029 ὅππη
547 1988 621 2026 μιν
649 1972 800 2030 κραδίη
826 1970 971 2026 θυμός
1005 1989 1051 2015 τε
1079 1970 1260 2024 κελεύει,
1292 1978 1340 2015 ut
1369 1974 1417 2017 Il.
1450 1974 1566 2016 XIII.

68 2046 164 2089 784.
226 2046 304 2090 Od.
335 2047 435 2089 XIV
466 2049 560 2089 517.
617 2047 695 2090 XV
726 2048 821 2090 338.
878 2048 976 2090 XVI
1008 2051 1073 2089 81.
1116 2048 1214 2089 XXI
1246 2051 1341 2090 342.
1411 2047 1566 2101 Itaque

59 2120 307 2167 .huiusmodi
347 2121 605 2166 sententiam
644 2123 850 2166 excidisse
886 2126 1011 2178 puto:
1063 2138 1135 2176 „ae
1174 2122 1326 2166 deinde
1359 2123 1566 2178 Apollinis

55 2196 311 2254 claritatem
342 2198 456 2241 fama
484 2201 786 2253 perventuram
818 2212 908 2240 esse
939 2198 995 2241 ad
1016 2213 1161 2240 omnes
1183 2198 1409 2241 homines.“
1446 2198 1567 2240 Hanc

67 2272 351 2327 suspicionem
397 2262 554 2315 'firmat
613 2274 761 2315 similis
820 2274 938 2315 l'ocus
997 2274 1044 2314 Il.
1106 2274 1142 2314 X
1199 2274 1283 2315 212
1334 2274 1387 2329 (V.
1437 2275 1566 2315 etiam

6 2339 11 2342 “
63 2336 145 2389 od.
173 2346 195 2389 1
225 2336 377 2403 298);’

52 2438 54 2440 ’
478 2420 609 2477 »μέγα
646 2422 714 2464 κέν
751 2421 791 2464 οἱ
831 2419 1088 2479 ὑπουράνιον
1126 2420 1246 2472 κλέος
1285 2422 1350 2478 εἴη

268 2492 430 2547 πάντας
466 2494 530 2540 ἐπ’
571 2493 862 2555 ἆνθρώπους.“

64 2628 68 2629 ⁷
200 2570 435 2613 Hermanni
453 2572 663 2614 rationem
685 2570 863 2614 Wolfius
884 2571 1186 2626 comprobavit.
1222 2573 1281 2614 At
1300 2571 1403 2613 haec
1424 2570 1566 2612 omnia

0 2662 2 2665 ·
64 2659 150 2688 non
180 2644 379 2702 ridentur
410 2660 502 2688 esse
533 2650 623 2688 tam
654 2647 801 2700 gravia
820 2680 829 2698 ,
873 2651 921 2687 ut
948 2647 1145 2689 lacunam
1177 2650 1332 2703 cogant
1362 2650 1566 2698 statuere,
1592 2697 1599 2699 „

205 2801 231 2844 ¹)
257 2801 298 2838 G.
323 2801 441 2837 Herm.
466 2802 502 2838 h.
527 2801 570 2837 H.
596 2813 630 2848 p.
659 2803 710 2840 11.
