1623 2915
651 669 808 727 Pars
851 670 964 728 111.

258 799 344 857 De
372 801 559 875 hymni
587 801 885 859 elocutione
927 804 985 858 in
1026 804 1348 860 universum.

737 949 772 1003 ς.
806 950 872 989 13.

193 1038 334 1104 „luter
364 1052 509 1082 omnes
530 1025 789 1082 Graecarum
814 1039 1037 1082 literarum
1058 1041 1217 1095 peritos
1239 1044 1419 1093 constat,
1455 1054 1570 1085 con·.

53 1113 201 1169 tigisse
231 1112 443 1166 Homero,
493 1118 542 1155 ut
573 1113 728 1156 Graeci·
758 1115 894 1156 omnis
924 1115 1017 1157 aevi
1048 1119 1203 1169 poetae
1234 1116 1364 1169 epici,
1406 1129 1458 1158 ne
1487 1129 1554 1157 re·

51 1188 310 1231 centissimis
349 1187 521 1244 quidem
567 1188 777 1243 exceptis,
824 1189 913 1231 eius
961 1187 1098 1243 effigie
1137 1193 1181 1232 et
1218 1189 1358 1244 specie
1398 1190 1554 1234 eximia

51 1263 205 1305 animis
233 1263 406 1317 penitus
436 1262 579 1314 infixa,
611 1276 778 1304 omnem
809 1263 968 1316 poetici
999 1263 1430 1315 sermonis-formam,
1463 1254 1561 1309 cul-²

50 1341 143 1380 tum
172 1350 224 1380 ac
254 1351 479 1380 numerum
518 1336 573 1379 ad
609 1336 727 1378 illius
765 1337 984 1391 exemplar
1024 1343 1325 1391 componerent
1363 1351 1440 1379 nec
1470 1337 1552 1379 nisi

49 1410 161 1453 vatis
190 1411 358 1466 antiqui
387 1411 504 1453 velut
532 1411 704 1453 numine
734 1409 867 1453 afflati
889 1424 1041 1453 canere
1069 1409 1352 1453 viderentur.“
1377 1410 1410 1468 ²)
1441 1410 1550 1462 Quin
1603 1434 1608 1439 ·

51 1485 180 1528 etiam
210 1499 346 1539 usque
384 1499 435 1527 eo
467 1485 885 1549 progrediebantur,
931 1490 979 1526 ut
1020 1489 1063 1527 et
1103 1499 1247 1527 versus
1287 1485 1477 1559 integros
1507 1489 1552 1526 et

49 1558 166 1603 locos
194 1559 381 1615 insignes
419 1573 472 1602 ex
507 1559 684 1602 Homeri
721 1558 994 1603 carminibus·
1022 1559 1272 1615 depromere
1310 1559 1355 1602 in
1394 1573 1552 1613 magna

47 1634 176 1678 laude
206 1637 451 1691 poneretur.
497 1634 601 1677 Inde
632 1647 762 1689 quum
794 1637 1016 1689 appareat,
1048 1647 1098 1677 eo
1128 1633 1375 1689 diligentius
1405 1644 1551 1689 quem—

48 1722 132 1764 que
160 1709 367 1764 principis
406 1713 631 1763 poetarum
667 1709 873 1763 pressisse
903 1709 1104 1763 vestigia,
1155 1721 1239 1763 quo
1279 1709 1361 1763 ipsi
1405 1713 1549 1766 aetate

46 1782 180 1827 fuerit
215 1784 414 1839 propior,
455 1797 540 1826 non
570 1789 742 1827 est-cur
767 1784 952 1836 mireris,
993 1785 1108 1826 inter
1151 1784 1325 1827 Homeri
1355 1784 1549 1827 carmina

46 1860 93 1900 et
120 1857 299 1913 hymnos
329 1861 497 1901 nostros
527 1871 660 1913 quum
690 1871 848 1911 omnes,
880 1861 973 1900 tum
1002 1858 1213 1910 maxime,
1245 1859 1320 1914 qui
1350 1858 1443 1902 iure
1472 1871 1548 1902 au-

29 1930 319 1988 ‘'tiquissimus
348 1932 620 1988 perhibetur,
661 1933 866 1988 hymnum
896 1933 1118 1976 Deliacum
1149 1935 1302 1975 miram
1333 1923 1571 1992 quandam,

47 2008 313 2052 intercedere
342 2007 676 2052 similitudinem.
740 2007 823 2051 Sed
857 2009 1050 2062 quamvis
1079 2022 1280 2063 magnum
1311 2012 1424 2050 esset
1442 2008 1551 2051 illud

46 2082 236 2127 studium
267 2082 474 2127 orationis
503 2067 758 2125 Homericae
788 2083 969 2125 virtutes
999 2083 1219 2136 imitandi,
1263 2087 1409 2125 tamen
1439 2096 1550 2126 com-

45 2158 165 2216 muni
194 2157 502 2201 consuetudine
522 2157 730 2201 sermonis
746 2156 1006 2215 procedente
1023 2160 1214 2213 tempore
1234 2158 1373 2212 magis
1396 2157 1570 2218 magis-¹

47 2247 131 2289 que
159 2237 427 2277 commutata
454 2233 545 2276 fieri
576 2248 661 2276 non
691 2235 856 2290 potuit,
887 2237 937 2276 ut
967 2247 1134 2276 omnem
1164 2247 1266 2275 suae
1295 2233 1452 2275 aetatis
1477 2227 1571 2287 po·-=

45 2294 249 2365 steriores
283 2312 438 2368 poetae
476 2310 623 2352 notam
667 2307 979 2365 abstergerent.
1043 2307 1179 2360 Quam
1217 2304 1270 2350 ob
1307 2320 1396 2350 rem
1428 2305 1552 2367 veho<

43 2387 211 2427 menter
240 2383 511 2441 improbandi
533 2389 633 2426 sunt
657 2383 773 2426 haud
793 2384 921 2439 pauci
944 2384 1023 2427 viri
1043 2382 1172 2435 docti,
1205 2383 1277 2437 Qui
1307 2382 1352 2424 in
1381 2372 1551 2436 hymnis
1595 2397 1601 2413 ι

44 2456 306 2512 Homericis,
343 2459 535 2516 ips'orum
572 2458 730 2502 iudicio
769 2458 903 2502 Iliade
948 2462 993 2501 et
1024 2457 1215 2513 Odyssea
1253 2461 1396 2512 aet-ate
1424 2456 1550 2512 longe

42 2533 338 2587 inferioribuS,
374 2538 519 2576 tamen
549 2534 694 2576 omnia
738 2533 797 2576 ad
831 2534 1004 2576 illarum
1033 2547 1224 2576 normam
1258 2533 1426 2589 exigere
1455 2544 1551 2588 per·
1616 2586 1619 2589 ῃ

44 2613 250 2651 severant.

185 2770 209 2817 ¹)
232 2769 352 2806 Verba
375 2773 459 2805 sunt
481 2769 697 2806 Groddeckii
719 2770 743 2806 l.
769 2780 798 2805 c.
821 2781 856 2816 p.
880 2769 914 2805 8.
