1623 2915
679 636 924 724 Pal-sl.

85 765 349 837 Quibus
388 766 455 822 de
496 766 667 822 causis
705 782 886 820 versus
932 765 1041 819 1—
1050 763 1162 819 178
1203 763 1471 836 integrum

171 880 176 885 ·
319 882 531 919 carmen
572 861 783 918 efficere
823 861 1162 961 statuendum
1202 861 1288 916 sit.

3 703 91 770 ‘if

7 760 64 819 ’

31 970 43 982 ¹»
59 965 72 982 .’.

751 997 787 1051 ᾖ.
820 996 858 1037 1.

421 1087 653 1125 Fabula
674 1087 866 1123 totius
889 1086 1192 1122 carminis.

196 1167 437 1224 Apollinem
477 1167 603 1222 longe
642 1167 902 1211 iaculantem
940 1169 1193 1209 cantaturus
1219 1166 1403 1221 primum
1433 1179 1552 1209 reve-

90 1242 241 1304 Jndtiam‘
278 1241 486 1285 describit
523 1245 654 1298 poeta
667 1275 677 1295 ,
722 1255 808 1297 qua
843 1251 988 1284 omnes
1019 1240 1098 1294 dii,
1135 1240 1477 1296 quandocunque
1505 1240 1569 1282 in'

46 1310 201 1376 eornm
232 1330 479 1359 consessum
508 1315 678 1373 redeat,
719 1317 759 1358 ei
788 1320 1041 1369 assurgant,
1073 1316 1242 1358 Latona
1272 1316 1478 1370 pharetra
1506 1317 1553 1357 et

90 1376 153 1433 'lis
181 1387 317 1432 filium
333 1389 475 1442 levet,
519 1388 714 1445 Iuppiter
761 1388 961 1445 poculum
991 1388 1030 1431 ei
1058 1387 1272 1444 propinet.
1301 1402 1365 1432 vv,
1400 1389 1552 1433 1-13.

89 1467 195 1530 lata
221 1464 497 1520 praedicatur
524 1463 705 1517 Latona,
743 1462 859 1519 quod
888 1464 1081 1518 egregios
1109 1462 1281 1515 liberos,
1311 1462 1553 1520 Apollinem

77 1541 99 1583 t
126 1538 321 1592 Dianam,
350 1538 461 1581 hanc
489 1538 535 1581 in
554 1537 747 1594 Ortygia,
777 1537 933 1580 illum
920 1551 965 1580 in
989 1537 1096 1580 Delo
1117 1536 1345 1592 pepererit.
1371 1540 1550 1581 14-18,

45 1601 118 1661 Εκ
151 1612 348 1656 affluenti
378 1612 587 1668 Apollinis
624 1611 800 1654 laudum
831 1611 954 1667 copia
984 1611 1151 1654 natales
1181 1611 1451 1667 potissimum
1482 1610 1552 1654 dei

0 1667 37 1753 ἓξ,
32 1673 179 1745 poeta
226 1686 308 1732 sibi
357 1685 634 1730 celebrandos
687 1687 831 1729 sumit.
886 1688 1066 1728 19—29.
1140 1685 1309 1729 Latona
1353 1685 1552 1741 Apolline
1567 1698 1576 1702 ·

0 1738 228 1830 frgi-auda
267 1773 413 1802 omnes
442 1758 612 1801 insulas
633 1761 767 1802 maris
797 1760 956 1815 Aegaei
986 1758 1077 1802 obit
1106 1763 1330 1815 terrasque
1361 1759 1400 1801 ei
1430 1757 1552 1802 adia-

76 1837 228 1887 entes,
261 1834 298 1876 si
327 1834 397 1877 cui
425 1833 682 1889 persuadere
711 1833 872 1888 possit,
901 1836 953 1875 ut
976 1831 1064 1875 filio
1095 1833 1302 1888 templum
1332 1836 1549 1888 exstruat,

73 1907 127 1954 ed
154 1907 274 1951 nulla
303 1921 356 1951 ex
384 1908 579 1951 omnibus
611 1907 737 1951 deum
766 1907 897 1950 audet
924 1907 1115 1963 recipere
1144 1921 1309 1961 verens,
1339 1920 1392 1950 ne
1421 1907 1551 1963 Apol-

140 1981 254 2027 solo
294 1982 434 2026 minus
471 1981 626 2026 idoneo
661 1982 726 2025 uti
755 1981 965 2026 videatur.
1026 1984 1127 2024 30-
1139 1985 1208 2026 48.
1269 1982 1463 2037 Denique
1493 1983 1551 2026 ad

86 2042 204 2108 flum
238 2060 467 2113 postquam
505 2057 702 2113 pervenit
737 2056 926 2110 Latona,
977 2070 1109 2111 quum
1148 2060 1191 2099 et
1230 2056 1369 2112 ipsam
1408 2057 1550 2100 minus

145 2134 254 2194 'eret‘
275 2130 424 2173 eadem
462 2129 545 2173 sibi
584 2131 829 2183 timentem,
882 2110 1046 2173 scilicet
1085 2144 1139 2173 ne
1180 2129 1234 2172 ob
1276 2130 1548 2174 sterilitatem

179 2195 455 2268 ‘zeontempta
493 2199 520 2247 a
549 2203 628 2247 deo
657 2205 703 2248 in
735 2218 853 2247 mare
889 2199 1185 2260 proruet-etur,
1232 2204 1408 2248 tandem
1436 2205 1548 2248 iure-

177 2336 180 2339 ¹
207 2280 239 2321 o'
261 2277 534 2334 interposito,
562 2278 608 2321 in
636 2279 733 2334 ipsa
760 2279 944 2335 primam
965 2282 1095 2334 atque
1113 2279 1388 2335 praecipuam
1403 2278 1547 2322 sedem

165 2350 269 2401 bum
298 2365 392 2396 esse
421 2349 744 2406 collocaturum,
774 2352 959 2396 libenter
988 2354 1210 2408 recipitur.
1240 2355 1424 2398 49-90.
1454 2353 1547 2396 Iam

224 2435 394 2488 >novem
432 2426 525 2470 dies
567 2426 834 2483 totidemque
872 2430 1021 2474 noctes
1050 2427 1318 2483 parturiente
1346 2427 1546 2483 Ilithyiae

176 2496 178 2501 λ
199 2489 362 2561 infesta
387 2495 558 2546 ¹Iunone
596 2501 652 2546 ab
691 2500 806 2545 Iride
836 2503 1068 2546 arcessitae
1097 2501 1286 2546 adventu
1315 2508 1359 2547 et
1382 2502 1547 2547 auxilio

172 2572 245 2621 hu*
271 2567 453 2633 Apollo„
472 2578 683 2621 91-119.
741 2576 1013 2621 Enarrantur
1047 2580 1139 2620 tum
1167 2577 1455 2622 sollennes'in
1483 2576 1548 2621 in·

172 2654 181 2710 J
207 2648 359 2697 reeens
394 2654 498 2695 nato
538 2650 774 2704 abluendo,
813 2651 1054 2704 vestiendo,
1098 2652 1327 2696 nutriendo
1361 2653 1472 2695 ritus
1502 2656 1546 2695 et

170 2725 181 2761 ι’
200 2745 219 2762 ιι
247 2725 551 2786 praesentium
577 2725 829 2772 ministeria.
865 2725 1028 2780 Quibus
1057 2727 1259 2797 peractis.
1276 2726 1381 2772 deus
1398 2725 1545 2771 fasciis
