1623 2915
777 98 846 141 49

131 223 370 286 ,‡Apolline,
400 229 522 278 Pind.
554 231 679 290 Pyth.
711 218 765 289 6,”
781 234 837 278 24
864 229 1087 294 βαρυόπαν
1115 234 1328 294 στεροπᾶν
1354 236 1564 294 κεραυνῶν

1 296 346 371 ;,-,;;,.ἑ,εἷ,ῑπρύτανιν
376 306 537 364 (Iovem
566 304 746 366 intell.);
789 310 911 370 Pyth.
944 313 982 363 2,
1016 314 1068 353 58
1099 308 1281 368 πρύτανι
1309 308 1428 368 κύριε
1457 312 1560 354 πολ-

0 396 14 437 ;’
55 377 144 423 'mv
171 375 319 436 ἀγυιᾶν
345 380 417 424 καὶ
446 385 628 440 στρατοῦ
669 383 765 440 (rex
800 384 975 441 Hie1·0);
1016 385 1166 427 Aesch.
1197 385 1336 430 Prom.
1373 389 1449 428 169
1480 403 1563 440 μα-

43 450 206 514 ’,ῥκάρων
254 451 460 512 πρύτανις
515 456 769 513 (Iuppiter);
821 457 969 512 Eurip.
1024 458 1177 501 Troad.
1239 460 1347 502 1288
1404 457 1563 516 Κρόνιε

67 524 262 587 πρύτανι.

14 600 47 658 J
125 631 128 633 Δ
204 618 242 648 v.
267 608 298 646 Ἴ
304 607 342 648 3.
371 605 675 664 καταστρέφειν
711 606 895 661 primum
935 607 1093 661 legitur
1133 608 1249 663 apud
1291 608 1561 664 Aeschylum,

64 680 145 724 sed
180 679 268 723 alia
306 679 615 734 significatione
659 681 776 724 Pers.
824 684 847 722 7
852 682 905 724 73
949 684 1028 723 ποῖ
1072 682 1380 740 καταστρέφεις
1430 680 1564 738 λόγων

66 750 263 812 τελευτήν
290 754 318 797 i.
350 768 386 798 e.
417 768 500 811 quo
532 755 784 799 convertes?
815 769 944 811 quum
975 760 1124 800 nostro
1155 758 1249 801 loco
1271 759 1327 801 sit
1354 758 1559 814 „pedibus

69 833 295 873 evertere.“

91 952 93 954 .
204 918 242 946 v.
275 907 342 948 81.
373 899 645 962 χρηστήριον,
686 903 936 946 vocabulum
968 904 1083 959 apud
1114 905 1277 949 Atticos
1309 906 1563 962 frequentis-

69 979 236 1026 simum,
266 978 452 1033 primum
482 980 670 1020 occurrit
700 978 802 1023 Hes.
833 979 889 1033 fg.
920 980 987 1029 39,
1020 983 1069 1033 6;
1102 980 1155 1023 cf.
1185 981 1228 1024 h.
1255 981 1308 1025 H.
1339 983 1383 1023 in
1414 984 1493 1037 Ap.
1516 983 1561 1024 P.

70 1055 137 1106 36,
168 1054 236 1105 81,
272 1056 364 1096 110.

203 1141 241 1171 v.
275 1129 339 1169 82.
370 1122 648 1180 πολυώνυμος
677 1127 705 1170 i.
725 1141 760 1171 e.
789 1126 841 1169 de
873 1141 956 1181 quo
986 1128 1173 1182 plurima
1203 1133 1267 1171 est
1297 1128 1422 1183 fama,
1457 1131 1563 1173 cele-

66 1199 290 1254 berrimus,
320 1201 383 1244 ita
412 1201 596 1256 primum
626 1200 784 1255 legitur
814 1201 914 1243 Hes.
948 1202 1105 1256 Theog.
1139 1206 1241 1255 7853
1276 1203 1325 1245 cf.
1358 1205 1478 1247 Pind.
1515 1206 1562 1249 P.

26 1290 30 1291 ⁷
73 1280 108 1329 1,
147 1278 221 1329 173
266 1276 298 1318 Ι.
340 1280 378 1329 4,
423 1280 463 1328 13
510 1279 661 1319 contra
700 1275 826 1317 deum
864 1277 1009 1318 multis
1046 1278 1289 1320 nominibus
1319 1280 1560 1322 invocatum

67 1349 278 1405 significat
308 1350 348 1393 h.
380 1350 434 1394 H.
464 1351 509 1392 in
534 1350 627 1393 Cer.
662 1352 727 1404 18,
760 1353 811 1392 32
844 1354 973 1405 atque
1005 1353 1249 1406 saepissime
1280 1354 1393 1409 apud
1413 1359 1563 1410 poetas

66 1426 255 1469 scenicos
287 1430 329 1468 et
358 1425 682 1468 Alexandrinos.

203 1515 241 1542 v.
274 1502 341 1542 91.
372 1495 576 1552 ἄελπτος,
614 1513 692 1554 pro
734 1513 818 1554 quo
849 1499 1060 1542 Homerus
1098 1494 1261 1553 ἆελπής
1291 1498 1398 1554 (sive
1419 1499 1564 1560 ¹mavis

9 1614 13 1619 ,
67 1570 271 1632 ἀελπτῆς)
304 1574 408 1617 dicit
438 1575 516 1618 Od.
550 1579 588 1627 5,
619 1577 725 1626 408,
756 1574 943 1629 primum
973 1574 1130 1628 legitur
1162 1573 1319 1616 Archil.
1353 1572 1475 1627 frgm.
1509 1575 1562 1614 30

68 1653 111 1690 et
139 1648 181 1691 h.
211 1648 264 1690 H.
296 1650 340 1690 in
372 1648 464 1691 Cer.
497 1649 601 1701 219,
633 1653 783 1703 postea
814 1649 1060 1702 saepissime
1090 1647 1204 1702 apud
1236 1648 1444 1701 tragicos,
1488 1646 1562 1688 sed

67 1722 223 1779 ubique
260 1723 344 1766 alio
376 1738 500 1766 sensu
530 1727 660 1778 atque
691 1726 838 1765 nostro
869 1722 961 1765 loco
982 1757 992 1776 ‚
1031 1722 1105 1765 ubi
1146 1737 1231 1765 non
1261 1722 1305 1764 id
1336 1720 1562 1776 significat,

44 1798 182 1860 ”quod
211 1813 297 1841 non
328 1802 623 1853 exspectatur,
676 1798 750 1840 sed.
791 1797 959 1840 dolores
1000 1802 1090 1840 tam
1129 1812 1301 1853 graves,
1348 1801 1396 1838 ut
1427 1797 1562 1838 omnis

67 1887 164 1930 spes
193 1873 434 1917 abiiciatur.

0 1934 3 1940 ’
201 1963 240 1994 v.
271 1952 337 1990 99.
369 1943 645 2007 φραδμοσύνῃ
674 1962 755 1990 vox
780 1948 911 1991 ducta
931 1947 986 1991 ab
1007 1948 1216 1990 adiectivo
1236 1943 1455 2005 φράδμων,
1479 1960 1561 2001 quo

0 2018 36 2069 ’ζ’
66 2023 197 2066 semel
236 2022 448 2065 Homerus
483 2037 585 2065 usus
624 2027 689 2065 est
726 2023 775 2064 ΙΙ.
817 2024 882 2075 16,
916 2026 1018 2074 638,
1059 2023 1174 2076 apud
1204 2022 1440 2064 Hesiodum
1472 2035 1562 2063 sae-

65 2097 162 2154 pius
190 2098 429 2150 invenitur,
472 2097 547 2140 sed
590 2111 764 2140 numero
805 2101 972 2139 tantum
1004 2097 1159 2152 plurali
1190 2096 1242 2141 cs.
1275 2096 1430 2150 Theog.
1465 2096 1560 2139 626.

4 2179 9 2189 ⁷
36 2169 164 2219 884.
196 2175 298 2224 891,
329 2172 589 2226 singularem
619 2171 751 2214 habet
778 2172 975 2226 Apollon.
1007 2171 1143 2214 Rhod.
1176 2172 1276 2225 Arg.
1310 2173 1346 2221 2,
1381 2173 1475 2212 649.

202 2261 239 2288 v.
276 2248 368 2290 110.
399 2242 508 2288 ἆπὲκ
528 2247 712 2288 recurrit
742 2245 1038 2287 tantummodo
1061 2245 1176 2299 apud
1199 2246 1402 2295 Quintum
1422 2245 1561 2298 Smyr-

2 2304 218 2381 gdnaeum
250 2323 290 2363 4.
321 2323 422 2373 540;
454 2334 580 2375 quam
614 2319 667 2362 ob
698 2334 786 2362 rem
818 2319 870 2362 de
902 2321 1140 2375 scripturae
1157 2321 1336 2362 veritate
1364 2318 1562 2362 dubitare

64 2394 216 2450 possis.
277 2395 338 2437 Ac
370 2396 534 2436 monuit
563 2409 630 2436 me
661 2395 709 2438 F.
741 2394 792 2437 V.
826 2394 1098 2447 Fritzschius,
1128 2394 1167 2435 h.
1202 2395 1229 2436 1.
1262 2394 1561 2449 corrigendum

65 2481 177 2513 esse:
228 2466 356 2522 ύπέκ,
405 2468 520 2524 quod
558 2483 660 2512 sane
701 2468 978 2512 Homericum
1020 2473 1098 2513 est.
1171 2469 1370 2512 Ceterum
1418 2469 1563 2511 confer

56 2535 191 2597 Hom.
224 2538 376 2592 Odyss.
410 2543 448 2591 2,
481 2543 576 2585 400.

20 2678 22 2680 Γ
67 2618 70 2622 ’
201 2625 239 2656 v.
275 2613 366 2655 123.
398 2611 597 2672 χρυσάωρ
627 2616 784 2672 legitur
813 2617 915 2663 Hes
950 2618 998 2661 O.
1032 2618 1134 2670 773;
1167 2617 1288 2662 Pind.
1319 2618 1365 2662 P.
1400 2619 1561 2673 5‚104;

3 2685 142 2746 fg
164 2687 270 2739 187,
317 2688 526 2731 Homerus
565 2704 731 2746 semper
770 2691 943 2746 dixitx
916 2689 1170 2750 χρυσάορος,
1223 2692 1338 2747 quod
1383 2694 1563 2747 legimus

21 2762 195 2806 etiam
224 2761 267 2806 h.
297 2762 350 2804 H.
381 2764 424 2804 in
456 2763 548 2806 Cer.
581 2767 630 2816 4·
659 2764 701 2808 h.
733 2765 788 2809 H.
819 2768 886 2819 27,
920 2769 964 2819 3,
993 2768 1112 2809 alias.

12 2845 16 2850 ”
41 2838 51 2861 ’Ῑ
1283 2840 1309 2878 4
