1623 2915
768 70 858 148 ,³38
901 117 903 119 ’

74 259 206 300 quum
245 259 298 288 ex
334 236 558 287 notissima
593 243 870 300 brachylogia
905 245 1113 288 sermonis
1145 244 1299 289 GraeCi
1328 246 1385 291 ad
1413 260 1449 289 π

72 315 140 362 ἐπ
172 314 434 376 ἀνθρώπους
469 318 593 361 facile
625 318 910 362 subaudiatur
940 334 992 362 ex
1021 320 1227 375 proximis
1256 322 1383 377 ννοὺς
1410 308 1623 376 τευξειῠ

72 409 211 449 neque
255 395 298 436 in
335 394 474 436 verbis
518 389 683 444 πάντας
727 390 794 436 ἐπ’
825 390 1083 452 ἀνθρώπους
1112 394 1323 438 offendere
1352 390 1622 453 patiantur

71 469 267 524 exempla
297 468 352 510 ab
383 469 476 523 ipso
507 468 754 510 Hermanno
786 483 838 511 ex
868 469 1002 512 Iliade
1034 473 1077 511 et
1109 468 1302 525 Odyssea
1330 471 1488 525 petita,
1507 468 1612 528 ad'sszj

1591 372 1623 399 ,Nl

1599 413 1620 452 'f'

70 558 181 598 quae
213 544 369 586 addere
400 544 538 598 possis
569 542 594 594 ξ
624 544 728 593 403,
761 551 800 600 ψ
832 546 926 587 125.
991 544 1168 586 Accedit
1210 544 1325 598 quod
1362 547 1608 592 sententia.

32 647 36 652 -
70 605 125 661 ab
156 619 402 660 Hermanno
434 617 679 659 desiderata
708 619 849 660 minus
879 617 1113 673 probabilis
1136 632 1226 660 esse
1248 612 1428 672 videtur,
1460 619 1623 678 quod

69 694 183 736 infra
225 708 308 735 non
353 693 467 734 fama
504 693 739 746 Apollinis,
784 693 879 736 sed
893 694 983 748 ipse
1023 693 1128 735 deus
1157 693 1314 736 dicitur
1342 694 1399 737 ad
1428 688 1622 749 omnes}

68 768 261 819 homines
296 767 543 823 pervenire3
584 767 765 822 denique
809 768 854 810 in
892 768 958 810 his
996 768 1277 820 carminibus,
1321 784 1441 824 quae
1472 762 1623 825 sunt?

70 844 323 897 posterioris
365 843 522 884 aetatis
566 856 696 896 quam
734 842 836 884 Ilias
867 848 911 884 et
942 842 1152 897 Odyssea,
1183 857 1269 885 non
1297 843 1399 887 licet
1429 843 1573 888 omnia
1604 871 1605 875 =

69 918 124 961 ad
155 918 325 959 illarum
356 931 548 958 normam
580 917 762 970 exigere.

207 992 388 1033 Versum
431 993 484 1033 96
521 992 778 1045 interpretes
819 991 918 1033 inde
948 1005 974 1033 a
1005 990 1275 1034 Groddeckio
1306 1005 1450 1034 omnes
1479 977 1574 1037 iure
1620 997 1622 1000 ’

69 1067 298 1118 eiecerunt,
331 1080 511 1119 quorum
542 1066 747 1107 iudicium
780 1065 1003 1108 confirmat
1033 1066 1166 1108 codex
1196 1066 1510 1119 MoscoviensiS,
1542 1081 1569 1111 a

69 1154 151 1194 quo
202 1140 270 1181 hic
321 1154 467 1182 versus
506 1139 641 1182 abest.
701 1140 871 1182 Etenim
916 1143 960 1181 et
999 1140 1092 1182 loco
1134 1154 1217 1194 quo
1256 1140 1413 1194 legitur
1456 1141 1572 1184 omni
1610 1162 1621 1190 »ς

1607 1050 1619 1069 Ί

68 1229 197 1256 sensu
229 1220 367 1266 caret,
409 1219 453 1256 et
483 1216 556 1269 qui
588 1229 672 1256 uno
703 1215 929 1257 interiecto
961 1216 1175 1269 sequitur,
1214 1220 1281 1257 est
1312 1215 1568 1274 simillimus.

67 1290 170 1331 Inde
208 1305 330 1332 nemo
368 1304 452 1331 non
483 1290 600 1332 videt
630 1290 814 1331 alterum
845 1294 989 1332 utrum
1021 1289 1075 1332 ab
1105 1290 1414 1345 interpolatore
1443 1304 1572 1345 prop-

67 1369 134 1407 ter
165 1365 487 1406 similitudinem
518 1380 569 1406 ex
599 1365 684 1407 alio
716 1368 844 1418 poeta
868 1379 958 1406 esse
979 1365 1211 1418 appictum,
1244 1368 1289 1406 et
1312 1378 1572 1418 quamquam

65 1454 142 1494 per
172 1454 217 1481 se
247 1454 423 1494 prorsus
455 1440 665 1481 incertum
697 1439 879 1492 videtur,
911 1442 1008 1481 uter
1037 1440 1178 1489 utrius
1209 1438 1328 1480 varia
1351 1439 1408 1481 sit
1427 1439 1572 1498 lectio,
1615 1431 1621 1441 “

63 1518 234 1564 tamen,
271 1528 401 1568 quum
437 1528 475 1554 v.
509 1517 561 1555 98
594 1528 669 1555 suo
700 1514 794 1555 loco
825 1514 985 1555 moveri
1014 1516 1220 1567 nequeat,
1258 1513 1379 1554 uncis
1408 1512 1571 1555 includi

64 1588 214 1630 debuit.
243 1589 291 1639 is,
325 1589 398 1641 qui
428 1603 512 1629 non
544 1602 592 1629 eo
623 1588 717 1629 loco
749 1602 832 1642 quo
863 1587 1048 1629 debebat
1077 1587 1246 1640 legitur.

207 1663 382 1704 Versum
428 1663 507 1703 123
548 1662 737 1716 Ilgenius
777 1662 1045 1716 grammatici
1083 1675 1173 1703 esse
1210 1665 1384 1715 partum
1424 1662 1570 1704 existi-

67 1737 212 1788 mavit,
246 1738 428 1791 primum
460 1737 575 1790 quod
605 1737 816 1779 Homerus
847 1751 933 1778 non
965 1728 1144 1778 formam
1163 1732 1366 1793 χρυσάωρ
1379 1741 1568 1790 usurpet,

64 1810 135 1852 sed
168 1807 423 1867 χρυσάορος,
471 1810 623 1852 deinde
665 1810 778 1864 quod
807 1806 975 1867 θήσατο
1007 1809 1169 1852 Graece
1200 1824 1283 1852 non
1315 1809 1485 1852 dicatur
1514 1810 1567 1853 de
1609 1834 1613 1842 ·

63 1885 273 1926 matribus
304 1899 513 1926 mammas
535 1884 854 1938 praebentibus,
876 1885 950 1926 sed
972 1885 1023 1926 de
1048 1884 1282 1926 infantibus
1305 1885 1566 1938 sugentibus,
1590 1909 1592 1912 ·

63 1958 305 2012 Utrumque
352 1973 497 2001 verum
537 1957 645 2000 illud
691 1958 862 2013 quidem
905 1962 981 2011 est,
1019 1959 1094 2001 sed
1135 1971 1218 2001 non
1250 1957 1434 2020 debebat
1460 1958 1567 2003 adeo

62 2033 285 2076 offensioni
316 2049 406 2076 esse
436 2035 614 2088 Ilgenio,
646 2039 695 2076 ut
725 2039 863 2077 totum
895 2049 1062 2076 versum
1093 2049 1172 2088 pro
1204 2035 1348 2089 spurio
1375 2034 1566 2077 haberet.

61 2106 255 2167 Namque
294 2109 328 2150 si
366 2110 409 2150 in
451 2109 518 2152 his
557 2109 816 2152 carminibus
862 2109 1004 2151 omnia
1034 2108 1225 2151 tollenda
1255 2113 1331 2150 aut
1360 2098 1577 2155 mutanda¹
1609 2159 1619 2171 Ὗ

61 2196 350 2234 censeremus,
392 2197 514 2237 quae>
545 2184 773 2225 Homerico
814 2184 911 2224 usui
953 2183 1248 2235 adversantur,
1279 2177 1474 2238 profecto
1497 2182 1567 2226 ‘nil
1611 2218 1620 2232 *-

60 2260 173 2298 esset
215 2257 451 2310 reliquum,
498 2273 550 2300 ex
590 2272 673 2311 quo
705 2253 756 2300 de
789 2262 932 2299 aetate
962 2261 1039 2299 aut
1069 2261 1245 2299 auct‘ore
1275 2258 1567 2303 coniecturam

58 2329 199 2372 facere
230 2345 464 2385 possemus,
484 2331 516 2389 ¹)

195 2405 312 2447 Idem
354 2421 448 2448 cum
490 2407 729 2450 Matthiaeo
767 2407 991 2450 Directore
1019 2406 1302 2449 versum‘126
1332 2390 1574 2469 repetitum*

58 2494 150 2522 esse
195 2480 358 2523 iudicat
402 2495 453 2524 ex
492 2497 529 2523 v.>
567 2485 615 2524 13
649 2487 691 2524 et
722 2484 894 2524 omnino
925 2482 1299 2538 proscribendum3
1344 2486 1451 2525 satis
1480 2483 1567 2525 iam

57 2568 150 2596 esse
190 2555 234 2596 in
276 2569 399 2598 versu
444 2556 730 2610 praecedente
766 2559 889 2613 χαῖρε
931 2555 977 2598 δὲ
1006 2552 1154 2613 Λητώ,
1186 2571 1369 2612 quocum
1400 2556 1580 2615 confert·

207 2780 228 2825 ¹)
254 2778 417 2815 Ceterum
444 2779 489 2816 cf.
514 2779 750 2817 Baumeister.
774 2780 798 2817 l.
823 2790 851 2815 e.
876 2791 912 2827 p.
939 2780 1017 2817 137.
