1623 2915
775 85 833 130 40

1444 4 1463 17 'A
1496 0 1560 19 *rw-³*

1512 46 1522 53 v*
1545 41 1590 60 ΛΑ

1484 81 1486 83 ,
1505 69 1514 74 “
1546 71 1550 87 5
1573 68 1623 89 223..

741 243 778 298 g.
812 244 881 285 12.
1499 244 1561 280 ι

524 331 617 367 De
640 341 772 369 ves·
797 332 1100 370 lano—178.

194 416 384 464 Primum
422 414 715 456 adnot-andum
746 428 837 455 esse
868 402 1051 466 videtur,
1083 418 1219 457 totam
1249 414 1361 458 hanc
1389 400 1558 473 partem
1608 454 1614 459 ,

55 487 110 531 ab
139 488 298 544 hymno
328 494 477 531 nostro
509 487 777 531 abiudicasse
808 489 855 530 F.
889 489 934 533 C,
969 488 1297 546 Matthiaeum¹)
1329 493 1379 531 ut
1407 503 1563 565 nojum

56 563 368 618 fragmentum,
412 563 523 617 quod
568 563 741 618 quidem
779 577 830 605 ex
859 563 1016 618 hymno
1046 564 1091 605 in
1122 564 1362 619 Apollinem
1395 561 1563 607 Delium

57 638 232 680 condito
272 639 328 680 sit
364 638 659 692 desumptum,
691 637 767 679 sed
798 651 850 679 ex
881 652 949 688 eo,
989 638 1061 691 qui
1085 633 1146 687 ‘ad
1177 652 1362 680 annuam
1393 638 1573 697 insulae*
1608 649 1623 690 s

57 713 374 755 sollennitatem
412 713 659 767 pertineret,
717 713 773 753 At
812 726 943 766 quum
974 726 1127 754 novum
1157 711 1238 754 1100
1268 710 1559 774 fragmentum
1590 748 1597 775 s

57 791 100 829 et
130 787 270 829 verbis
302 790 346 829 et
374 791 626 842 argumento
659 787 873 829 artissime
905 800 1000 828 cum
1030 786 1291 841 praegressis
1318 786 1559 839 cohaereat,
1571 784 1587 844 „s

56 845 151 904 tali'
165 848 429 904 seiunctione
461 875 567 915 opus
598 875 805 902 non‘esse
837 862 964 904 ceteri
989 861 1246 916 interpretes
1277 875 1422 903 omnes
1443 857 1577 914 recte]

55 936 314 980 iudicarunt.
382 937 449 978 An
481 935 584 990 quid
614 940 756 990 potest
787 937 968 990 cogitari
1005 937 1162 990 „magis
1193 922 1559 989 accommodatum

56 1012 112 1054 ad
148 1011 315 1066 hymni,
364 1010 577 1065 Apollinis
610 1011 654 1052 in
685 1010 793 1052 Delo
826 1011 968 1053 insula
998 1011 1164 1054 natales
1195 1010 1465 1062 celebrantis,
1496 993 1562 1069 ai·-

1601 697 1606 719 s

1597 721 1601 743 ἰ

57 1090 327 1144 gumentum,
374 1099 501 1139 quam
538 1085 616 1127 illa
656 1099 682 1126 a
712 1099 837 1127 versu
866 1085 965 1127 inde
1011 1088 1088 1127 146
1121 1099 1339 1128 sacrorum
1371 1085 1562 1149 Deliaco-
1607 1113 1610 1115 -

57 1175 152 1203 rum
190 1160 306 1202 facta
337 1160 589 1214 descriptio,
635 1160 893 1214 praesertim
927 1165 1058 1214 quum
1088 1161 1177 1214 ipse
1208 1161 1277 1202 hic
1305 1161 1487 1220 hymnus
1510 1160 1562 1217 ¹in

55 1235 228 1276 illorum
274 1248 495 1276 sacrorum
536 1247 661 1275 usum
709 1234 968 1289 compositus
1012 1229 1311 1291 videaturwff)
1380 1222 1563 1283 >Accedit

59 1308 173 1363 quod
220 1323 271 1350 ex
312 1309 406 1362 ipsa
444 1308 525 1350 hac
570 1309 771 1350 carminis
808 1309 943 1349 nostri
991 1313 1114 1363 parte
1146 1323 1292 1350 versus
1328 1312 1562 1363 146—150,

58 1381 211 1426 deinde
247 1385 325 1425 165
345 1409 369 1413 --
391 1383 482 1439 172·
503 1381 661 1425 diserte
692 1382 843 1425 laudat
871 1382 1139 1438 Thucydides
1160 1383 1224 1425 III
1251 1385 1331 1427 104
1351 1389 1400 1426 ut
1420 1384 1563 1440 hymni
1594 1433 1597 1439 ι

60 1459 104 1500 in
136 1458 377 1512 Apollinem
424 1458 667 1510 Homerici,
713 1458 871 1512 insigni
917 1463 1061 1500 tamen
1097 1458 1295 1500 lectionis
1342 1460 1562 1513 varietate,

60 1547 189 1587 quam
221 1533 543 1575 Baumeisterus
574 1533 636 1574 ita
667 1533 882 1586 explicare
914 1539 1106 1584 conatur,
1139 1537 1187 1574 ut
1217 1547 1360 1574 rerum
1387 1535 1565 1588 scripto-

56 1622 144 1649 rem
197 1607 415 1661 exemplar
463 1610 563 1648 ante
614 1606 760 1648 oculos
806 1606 1006 1649 habuisse
1054 1610 1220 1649 statuat
1262 1621 1288 1648 a
1318 1611 1562 1652 nostrorum

59 1681 249 1723 codicum
283 1681 400 1724 fonte
432 1680 724 1736 compluribus
754 1681 859 1723 locis
890 1680 1115 1724 diversum.
1174 1680 1344 1724 Etenim
1380 1683 1444 1734 „in
1483 1681 1564 1725 hoc

58 1756 215 1811 hymno
260 1751 372 1798 hunc
412 1756 478 1796 vel
517 1756 638 1797 illum
675 1756 934 1810 rhapsodum
977 1770 1055 1811 pro
1101 1770 1172 1797 sua
1204 1756 1372 1798 ratione
1401 1755 1566 1810 aliquid

58 1836 246 1883 mutasse
292 1829 494 1872 credibile
540 1835 616 1872 est.
678 1829 922 1885 Cavendum
953 1835 1096 1873 autem
1128 1835 1198 1872 est.
1224 1827 1472 1884 diligenter,
1511 1844 1564 1873 ne

58 1905 169 1956 hanc
208 1905 500 1947 diversitatem
540 1905 613 1946 alii
651 1904 892 1947 tribuamus
931 1919 1059 1959 quam
1091 1905 1240 1946 dicunt
1269 1905 1505 1947 recensioni
1538 1918 1565 1947 a

60 1979 187 2022 docto
228 1979 413 2034 quodam
452 1979 622 2021 homine
665 1981 832 2022 ratione
864 1986 907 2023 et
936 1979 1094 2022 iudicio
1125 1979 1373 2032 institutae3
1416 1992 1566 2022 caven-

63 2053 164 2096 dum
189 2055 323 2097 'etiam
354 2054 626 2110 diligentius,
670 2069 723 2098 ne
755 2055 960 2099 lectiones
992 2053 1288 2109 Thucydideas
1318 2055 1363 2097 in
1394 2067 1566 2114 carmen

58 2129 140 2172 hoc
171 2132 332 2172 temere
363 2131 655 2185 recipiamus.“
675 2129 709 2180 3)

200 2205 236 2247 E
288 2205 467 2258 singulis
506 2205 699 2247 versibus
736 2206 863 2260 primi
899 2206 1206 2260 impugnantur
1249 2219 1315 2247 vv.
1346 2204 1438 2246 151.
1472 2206 1566 2258 152,
1600 2254 1605 2258 .

60 2293 167 2335 quos
204 2279 393 2323 Florent.
444 2283 487 2322 et
528 2279 622 2324 Ald.
671 2284 714 2322 et
758 2294 903 2323 omnes
940 2280 1130 2335 reliquae
1171 2278 1292 2322 editt.
1333 2292 1468 2334 usque
1510 2276 1567 2321 ad
1604 2298 1607 2299 ⁷

59 2354 231 2398 Ernest.
263 2354 324 2396 sic
354 2353 577 2396 exhibent:
956 2407 959 2408 ⁷

269 2427 379 2486 φαίη
407 2424 440 2470 κ’
473 2425 718 2478 ἀθανάτους
746 2428 818 2471 καὶ
849 2425 1013 2486 ἀγήρως
1044 2425 1224 2483 ἐζιιμεναι
1253 2424 1359 2487 ἀνήρ

269 2501 313 2546 οἵ
339 2499 423 2546 τότ’
455 2502 635 2547 ἐπαντία
664 2500 756 2546 σεῖό
787 2501 819 2545 τ’
848 2501 997 2555 Ἰάονες
1026 2501 1183 2562 ἀθρόοι
1212 2498 1307 2548 εἶεν.

208 2644 230 2690 ¹)
254 2643 297 2680 F.
322 2642 360 2680 C.
384 2642 559 2679 Matthiae
582 2642 606 2679 1.
632 2653 661 2679 c.
685 2654 719 2688 p.
752 2642 817 2679 132
841 2654 893 2687 sq.

207 2708 235 2746 ²)
261 2707 316 2741 Ita
348 2706 459 2741 frater
492 2707 587 2742 illius
616 2706 750 2742 iudicat
781 2707 824 2742 A.
857 2706 1033 2742 Matthiae
1056 2706 1080 2743 1.
1106 2716 1135 2744 c.
1158 2717 1196 2753 p.
1221 2705 1275 2744 1-7.
1299 2706 1344 2744 cf.
1366 2703 1569 2751 Gtoddeck.
1621 2744 1623 2746 .

63 2780 185 2807 comm.
209 2782 245 2816 p.
260 2772 324 2806 sl.
351 2790 391 2795 —
418 2770 445 2816 ³)
471 2769 528 2807 Cf.
550 2769 744 2808 Baumeist.
768 2770 806 2807 h.
828 2770 874 2807 Η.
898 2782 933 2816 p.
959 2770 1038 2808 141.

1532 2855 1540 2860 ’
1594 2857 1623 2871 ,0⁶¹
