1623 2915
727 23 838 104 ⁴33

8 175 13 182 μ
27 170 49 193 ἱ·-

28 194 115 252 §ex
131 209 227 255 quo
265 197 467 252 efficitur,
510 203 564 247 ut
595 210 673 255 pro
713 199 794 243 hac
823 200 949 242 illave
989 199 1130 241 i‘nsula
1167 203 1243 242 aut
1272 199 1378 242 urbe
1409 196 1561 243 eodem

0 273 320 344 Ξν-,ΞιιτθΐαΙίαιιι
358 275 578 324 nominare
617 275 820 330 potuerit.
883 272 969 317 Cui·
1007 274 1134 317 hasce
1172 275 1443 329 potissimum
1475 275 1559 317 ele—

0 355 44 399 53.
62 349 205 404 gissa,
230 349 327 392 -sine
347 348 476 392 dubio
498 349 584 392 iam
601 350 803 404 aequales
824 348 1111 406 ignorabant3
1143 363 1219 392 nos
1246 353 1336 391 tam
1357 349 1562 392 immenso

23 470 26 473 ,
54 411 266 479 'temporis
298 426 445 480 spatio
469 425 696 468 interiecto
727 428 880 479 poetae
922 425 1110 466 rationes
1146 424 1298 466 afferre
1326 425 1434 465 velle
1464 424 1564 465 ridi—

0 524 14 549 ;,ν
40 497 212 556 [sculum
241 503 285 542 et
315 512 522 555 arrogans
553 513 645 542 esse
674 499 856 542 videtur.

737 666 772 721 ξ.
809 668 873 707 10.

554 775 646 816 De
670 783 797 809 vss.
822 774 1069 810 47—60.

166 871 268 935 ΧΕΧ
303 871 370 914 his
405 871 596 915 versibus
632 872 817 927 primum
848 887 884 915 v.
918 875 971 914 48
1010 873 1227 914 eiecerunt
1267 871 1561 915 Groddeckius

65 951 110 990 et
139 946 348 1002 ngenium
386 946 531 1000 „valde
563 948 675 989 enim
706 946 845 1002 friget,
877 961 954 990 nec
987 951 1052 990 est
1084 946 1198 1001 quod
1229 946 1422 999 dubites,
1456 949 1559 1003 quin

66 1036 92 1064 a
132 1022 347 1076 rhapsodo
388 1026 560 1064 assutus
598 1022 664 1063 vel
705 1023 974 1076 grammatici
1019 1023 1256 1076 cuiuspiam
1304 1022 1446 1076 glossa
1494 1024 1562 1075 sit,

65 1109 152 1151 qua
186 1096 294 1139 illud
333 1093 430 1153 ἔτλη
459 1111 495 1139 v.
529 1100 580 1138 47
623 1097 882 1151 explicatum
919 1096 1022 1139 dare
1063 1097 1258 1138 voluerit.
1298 1097 1430 1138 vNam
1467 1093 1564 1154 ἔτλη

63 1171 148 1214 iam
178 1163 309 1213 habet
338 1185 390 1213 ex
419 1186 456 1213 v.
489 1174 542 1213 46
573 1168 687 1213 οἰκία
715 1170 889 1223 θέσθαι,
921 1171 976 1213 ad
1008 1170 1120 1224 quod
1140 1170 1364 1223 referatur,
1398 1176 1440 1213 et
1459 1185 1558 1212 πιο-

59 1243 161 1302 τέρη
189 1259 272 1302 περ
303 1243 433 1287 ἐοῦσα
463 1259 513 1287 ex
543 1259 623 1287 vss.
658 1246 712 1287 60
742 1250 784 1287 et
817 1248 869 1286 72
900 1245 1126 1298 haustum,
1172 1245 1286 1300 quod
1330 1245 1410 1288 hoc
1450 1245 1561 1298 loco,

46 1308 162 1376 *quia
192 1321 327 1362 nescit
357 1321 501 1363 lector·
523 1334 632 1374 quae
664 1326 910 1374 sequantur,
948 1320 1059 1362 male
1090 1321 1284 1374 legitur.“
1307 1322 1338 1374 ¹)
1403 1323 1460 1362 At
1490 1321 1563 1363 fri-

50 1407 162 1450 gere
191 1394 304 1436 huno
334 1408 501 1436 versum
532 1398 609 1436 aut
638 1394 832 1449 intellegi
863 1396 1039 1448 nequire
1070 1408 1154 1436 non
1186 1393 1449 1436 iudicassent
1481 1396 1559 1437 viri

61 1469 202 1521 docti,
234 1470 269 1511 si
300 1483 472 1510 oausam
503 1470 670 1510 timoris
702 1469 896 1511 omnibus
929 1483 1057 1511 unam
1089 1469 1297 1510 vidissent
1327 1469 1405 1511 hoc
1437 1484 1562 1511 versu

59 1542 265 1595 indicari,
312 1556 420 1596 quae
466 1542 639 1583 uberius
686 1543 974 1596 explicaretur
1022 1543 1214 1584 oratione
1258 1542 1349 1583 Deli
1397 1544 1559 1585 insulae

60 1616 252 1660 versibus
302 1617 501 1660 66—73.
568 1617 773 1658 Metuisse
817 1618 915 1659 illas
959 1622 1099 1659 terras
1145 1621 1276 1660 etiam
1331 1618 1561 1660 fertiliores

7 1723 16 1731 .
63 1690 168 1733 dicit
197 1695 342 1746 poeta,
390 1705 440 1733 ne
479 1691 648 1732 tenuius
681 1690 952 1745 steriliusque
984 1692 1119 1733 solum
1151 1691 1385 1741 haberent,
1433 1705 1560 1745 quam

64 1779 149 1820 quo
182 1766 334 1820 Apollo
365 1765 582 1807 videretur
613 1769 838 1807 contentus
868 1765 970 1807 fore.
1016 1815 1034 1829 N

198 1841 337 1883 Maius
369 1840 585 1895 negotium
617 1840 790 1882 facessit
820 1855 856 1882 V.
902 1844 979 1892 59,
1023 1855 1149 1895 quem
1192 1856 1357 1893 omnes,
1402 1844 1475 1896 qui
1517 1843 1560 1884 in

59 1914 226 1969 hymnis
267 1915 505 1957 Homericis
549 1914 900 1967 elaboraverunt,
949 1916 1028 1956 viri
1069 1915 1184 1957 docti
1223 1921 1300 1957 aut
1340 1917 1560 1958 eiecerunt

62 1995 138 2032 aut
167 1990 280 2032 ferro
311 1995 440 2043 atque
481 1985 578 2043 igne
622 2004 774 2031 sanare
819 1990 962 2031 conati
994 1995 1105 2032 sunt.
1168 1990 1393 2032 Librorum
1426 1992 1559 2044 scrip-

62 2067 229 2110 turam:
269 2062 395 2121 δηρόν
416 2057 537 2115 ’ἅναξ
566 2060 605 2105 εἰ
633 2059 807 2117 βόσκοις
836 2062 934 2106 θεοί
973 2062 1017 2105 κέ-
1058 2060 1248 2118 σ’ἐ’χωσιν
1281 2064 1387 2116 Ι)ϊ.;
1434 2062 1560 2121 δηρὸν

23 2168 27 2171 -
62 2133 200 2180 ἄνακτ’
239 2137 278 2180 εἰ
313 2135 485 2192 βόσκοις
524 2140 689 2179 omissis
731 2140 883 2180 ceteris
913 2140 948 2179 A
981 2139 1015 2179 B
1049 2139 1079 2180 C
1113 2134 1236 2194 (ἄναξ
1268 2135 1559 2194 θῖβόσκειςκ

63 2210 190 2271 δηρὸν
226 2208 332 2266 ἄναξ
367 2210 407 2256 εἰ
443 2209 616 2263 βόσκοις
647 2246 656 2255 .
689 2247 698 2257 .
733 2247 741 2255 .
775 2246 785 2255 .
819 2241 829 2258 .»
863 2247 871 2255 .
904 2246 913 2256 .
946 2209 981 2255 σ’
1025 2211 1176 2268 ἔχωσιν
1215 2214 1259 2257 L.
1299 2215 1560 2256 Baumeiste-

62 2301 135 2329 rus
164 2293 393 2342 postquam
424 2289 590 2340 attulit,
636 2288 869 2341 prudenter
914 2292 1058 2328 monet
1098 2302 1265 2329 versum
1311 2288 1394 2329 iam
1438 2288 1481 2328 in
1512 2301 1560 2328 eo

0 2358 8 2389 ἶ
63 2362 221 2424 codice,
254 2378 306 2406 ex
335 2378 418 2418 quo
450 2365 585 2406 nostri
615 2363 715 2405 libri
747 2378 890 2405 omnes
921 2363 1179 2415 deriventur,
1212 2365 1363 2405 misere
1387 2377 1560 2416 corrup—

24 2448 31 2451 ·
62 2441 155 2483 tum
184 2436 327 2490 fuisse,
358 2441 407 2479 ut
437 2437 666 2480 ostendant
696 2438 838 2480 variae
869 2438 1095 2490 lectiones,
1151 2452 1201 2480 ex
1232 2436 1384 2492 quibus
1416 2441 1559 2478 tamen

36 2505 38 2507 ¹
62 2511 144 2555 hoe
174 2512 310 2553 solum
341 2512 561 2562 efficiatur,
592 2514 744 2554 ultima
774 2513 904 2554 verba
925 2519 1012 2554 tam
1036 2513 1270 2565 depravata
1287 2517 1328 2552 et
1349 2512 1562 2553 exstincta

62 2583 206 2639 fuisse,
236 2589 285 2628 ut
313 2585 399 2642 legi
428 2585 482 2629 ab
514 2601 584 2640 eo,
627 2587 700 2642 qui
730 2586 1023 2630 Parisinorum
1061 2586 1268 2629 librorum
1299 2585 1459 2629 fontem
1491 2585 1562 2628 de-

40 2758 62 2781 ⁷.
205 2748 231 2790 ¹)
257 2746 456 2784 Groddeck.
481 2751 666 2785 comment.
690 2759 725 2793 p,
750 2749 814 2792 773
837 2749 950 2794 Ilgen.
977 2749 1014 2785 h.
1036 2748 1081 2783 H.
1107 2759 1142 2792 p.
1166 2747 1245 2784 206.

8 2800 28 2813 “”
57 2817 60 2822 “
1329 2805 1355 2846 3
