1623 2915
793 99 848 139 43

17 229 19 232 ’
72 234 329 287 rectissime,
368 248 417 277 eo
448 249 574 278 versu
603 248 687 276 non
719 234 804 277 dici
835 234 887 276 de
919 224 1152 276 certamine
1184 235 1365 287 musico,
1396 233 1450 276 de
1480 247 1564 288 quo

70 309 162 365 ipse
206 304 471 359 disserebat,
505 308 579 351 sed
622 309 855 363 generatim
887 313 1058 364 poetam
1088 308 1295 352 laudari.“
1312 309 1344 363 ¹.)
1405 307 1566 351 Contra

27 428 29 431 Α
71 384 185 438 quod
213 384 536 427 Baumeister'us
567 383 818 426 Ruhnkenio
851 384 1119 426 vehementer
1162 383 1439 438 comprobato
1458 383 1566 424 haec

59 457 292 515 disputat:
346 459 405 510 „si
457 458 822 500 demonstraturus
869 462 963 499 erat
1004 457 1299 513 Thucydides,
1347 461 1565 500 certamen

67 534 275 575 musicum
310 533 462 586 fuisse,
498 533 544 576 id
574 547 657 575 non
694 536 781 575 tam
822 547 872 576 ex
903 533 1010 585 illis,
1057 547 1164 588 quos
1195 532 1332 584 dedit,
1373 531 1565 574 versibus

71 609 222 661 elucet,
255 608 381 663 quam
412 623 464 651 ex
491 609 570 661 his,
600 622 705 662 quos
737 609 896 660 omisit;
929 604 1164 665 ἀριστεύειν
1189 608 1299 649 enim
1331 608 1480 662 utique
1510 606 1566 649 ad

73 688 287 725 certamen
328 684 534 726 musicum
572 683 879 726 referendum.“
896 683 929 739 ²)
975 684 1033 725 At
1067 684 1161 738 ipsa
1205 682 1310 725 haec
1353 682 1565 725 sententia

69 758 332 812 argumentis
362 759 400 799 ei
432 763 526 800 erat
556 757 864 810 confirmanda,
904 759 1154 813 praesertim
1186 772 1316 812 quum
1348 771 1449 800 usus
1479 757 1566 799 Ho-

67 833 253 874 mericus
295 833 398 875 satis
438 847 649 887 superque
687 832 906 884 ostendat,
953 847 1037 874 non
1084 832 1135 874 de
1166 832 1397 875 certamine
1427 831 1564 874 solum

67 906 262 951 adhiberi
292 908 399 950 illud
431 907 631 959 verbum,
664 907 738 950 sed
769 909 939 950 omnino
971 907 1211 962 significare
1242 902 1350 953 εἶναι
1379 902 1564 963 ἄριστον.

69 982 142 1024 Sin
184 985 327 1023 autem
373 996 409 1025 v.
458 983 536 1025 173
575 982 655 1024 hoc
697 986 864 1024 tantum
898 982 1162 1025 continetur:
1199 982 1343 1035 „cuius
1374 971 1565 1024 carmina

65 1057 434 1111 praestantissima
456 1062 594 1109 sunt“,
622 1071 784 1099 summo
805 1058 897 1099 iure
913 1058 1183 1100 Hermannus
1202 1059 1355 1099 merito
1375 1072 1402 1099 a
1422 1070 1565 1098 rerum

66 1133 275 1187 scriptore
305 1146 400 1173 eum
433 1134 636 1174 omissum
669 1147 760 1175 esse
790 1132 966 1176 iudicat.
1020 1124 1218 1176 Ceterum
1244 1133 1336 1188 ipse
1366 1131 1564 1175 Baumei-

66 1211 205 1250 sterus
247 1222 413 1250 versum
450 1212 641 1250 nostrum
681 1223 764 1250 non
808 1208 1108 1263 interpolatori
1138 1208 1362 1260 attribuit,
1407 1207 1483 1250 sed
1513 1221 1564 1249 ea

64 1296 111 1324 re
156 1282 250 1343 sola
298 1281 351 1324 ab
401 1279 645 1325 Hermanno
687 1282 829 1324 differt
852 1317 861 1334 ,
900 1282 1028 1337 ’quod
1065 1282 1323 1336 Thucydidis
1364 1281 1563 1324 librarios

65 1357 300 1400 omittendo
331 1371 530 1412 peccasse
562 1359 773 1411 opinatur,
829 1358 977 1411 Neque
1010 1372 1106 1399 vero
1138 1358 1308 1410 gravius
1340 1370 1564 1410 argumen-

62 1435 154 1474 tum
197 1431 294 1473 duci
343 1435 485 1486 potest
534 1446 554 1473 e
586 1431 726 1474 verbis
756 1431 982 1484 Aristidis,
1015 1436 1063 1473 ut
1094 1431 1167 1486 qui
1198 1430 1337 1473 locum
1369 1435 1561 1474 nostrum

61 1506 177 1548 haud
207 1506 332 1548 dubie
364 1522 385 1547 e
418 1507 507 1549 solo
540 1507 785 1562 Thucydide
816 1508 1032 1561 cognitum
1065 1505 1445 1562 circumscribat.³)
1508 1507 1563 1547 At

62 1581 149 1623 alia
180 1581 308 1622 etiam
338 1578 636 1624 Ruhnk'enium
661 1582 703 1622 in
732 1596 854 1623 versu
876 1589 1023 1623 nostro
1046 1580 1332 1624 offenderunt:
1370 1580 1561 1637 „quale“,

63 1656 291 1708 exclamat,
343 1656 480 1708 „istud
513 1661 599 1698 est:
646 1653 939 1713 ἀριστεύουσιν
976 1653 1132 1700 ἀοιδαί.
1194 1657 1285 1699 Tua
1330 1661 1374 1699 te
1414 1656 1560 1711 lingua

63 1730 220 1784 prodit,
251 1744 275 1771 o
306 1730 426 1773 bone.
468 1731 609 1784 Digna
639 1732 743 1773 haec
775 1736 874 1772 sunt
895 1731 1035 1773 Nonni
1058 1735 1213 1782 aetate,
1235 1746 1318 1774 non
1339 1731 1554 1774 Homeri.“

64 1803 148 1846 Sed
190 1818 450 1858 quamquam
489 1820 633 1847 verum
666 1809 755 1857 est,
801 1801 1037 1862 ἀριστεύειν
1067 1805 1182 1860 apud
1213 1806 1445 1848 Homerum
1476 1820 1560 1848 non

61 1878 144 1933 legi
180 1879 263 1920 nisi
303 1879 355 1921 de
391 1879 633 1921 hominibus
665 1866 947 1934 usurpatum,
992 1886 1155 1932 tamen,
1187 1895 1314 1934 quum
1347 1880 1558 1922 Pindarus

61 1952 238 1995 dixerit:
278 1949 491 2011 ἀριστεύει
530 1950 643 2012 ὕδωρ
659 1955 707 2012 ⁴),
752 1956 865 2009 quod
896 1956 1030 1998 multo
1061 1956 1202 1997 minus
1234 1955 1440 1998 audacter
1471 1954 1559 1996 dic-

60 2031 150 2068 tum
201 2028 395 2081 videtur,
446 2025 740 2085 ἀριστεύουσιν
781 2025 942 2084 ἀοιδαί,
982 2030 1333 2085 verisimillimum
1371 2034 1436 2071 est
1473 2030 1559 2070 iam

45 2102 284 2157 *permultis
322 2106 422 2145 ante
453 2103 684 2145 Pindarum
725 2105 850 2145 annis
882 2104 966 2145 diei
997 2105 1218 2158 potuisse;
1263 2117 1415 2158 parum
1448 2103 1558 2146 enim

58 2176 270 2229 interest,
318 2181 462 2219 utrum
514 2182 683 2232 poetae
720 2173 908 2234 νοἰοιδοιὶ
973 2178 1173 2220 dicantur
1223 2173 1460 2235 ἀριστεύειν
1504 2192 1559 2220 an

56 2255 206 2305 poeta
241 2248 436 2302 ἀοιδαῖς
477 2252 611 2308 (quod
648 2254 862 2306 posterius
901 2253 954 2294 ad
989 2254 1260 2295 Homericum
1293 2253 1400 2295 illud
1428 2250 1560 2310 βούλῃ

30 2320 294 2383 ἀριστεύειν
330 2328 522 2382 proxime
561 2328 760 2385 aceedit).
821 2331 877 2371 At
904 2343 1047 2384 nonne
1079 2329 1291 2371 sententia
1323 2329 1417 2383 ipsa
1446 2328 1559 2370 male

200 2510 223 2554 ')
246 2510 471 2545 Hermannus
493 2510 530 2545 h.
556 2510 598 2545 H.
623 2523 657 2556 p.
683 2511 728 2545 18

192 2573 220 2617 ²)
245 2572 436 2609 Baumeist.
462 2573 485 2610 1.
510 2585 528 2609 c
562 2586 598 2620 p.
626 2576 689 2610 143
716 2585 765 2619 sq.

192 2636 223 2680 ³)
246 2635 395 2672 Aristid.
417 2637 463 2672 ΙΙ.
487 2649 523 2682 p.
547 2637 625 2672 409.

193 2698 222 2742 Α)
246 2698 349 2737 Pind.
375 2698 432 2736 Ol.
455 2700 488 2745 3,
512 2700 569 2738 42.
