1623 2915
268 287 277 293 ,
325 222 745 291 §kimie-rectissime
771 228 984 273 iudicabis
1004 228 1192 273 Homero
1210 226 1257 274 id
1279 245 1364 274 non
1383 223 1568 274 tributu-

271 297 359 358 sse,
397 304 483 351 nisi
511 302 637 359 longe
667 307 767 347 ante
796 304 932 359 ipsius
963 307 1149 350 aetatem
1181 305 1430 349 exstitisset.
1489 304 1573 350 Sed

203 378 384 437 possunt
413 376 501 422 alia
530 382 574 420 et
603 378 812 435 graviora.
839 378 1049 433 Namque
1079 383 1129 421 ut
1146 378 1273 421 Iridis
1289 380 1573 422 ministerium

200 440 474 506 2'omittam‚
522 452 643 494 cuius
686 452 732 494 in
772 451 912 495 locum
943 455 1097 507 poetae
1125 452 1385 508 posteriores
1409 452 1575 496 Mercu-

223 525 538 570 substituerunt
550 526 598 582 ¹),
635 527 821 581 primum
863 540 1018 580 magno
1055 513 1309 581 argumento
1340 532 1407 569 est
1437 527 1573 581 ipsius

192 591 242 645 ae
286 601 537 656 simplicitas
571 601 697 643 initia
738 604 908 643 tantum
947 615 998 644 ac
1039 602 1163 656 quasi
1204 603 1366 644 semina
1396 605 1573 644 ornatus

141 683 144 687 ⁴
195 669 479 729 continenti&
520 689 603 730 quo
640 679 794 730 postea
836 676 1049 718 instructa
1090 675 1185 720 fuit.
1244 676 1415 718 Etenim
1447 676 1491 718 in
1522 689 1571 718 eo

146 749 243 796 dem
275 763 420 793 omnes
450 753 604 806 poetae
634 754 679 793 et
706 749 1008 806 mythographi
1039 750 1323 803 consentiunt,
1356 750 1469 805 quod
1490 751 1573 793 La·

146 826 228 868 amss
269 824 465 880 Apolline
507 824 728 880 gravidam
768 837 913 868 omnes
959 828 1098 868 terras
1144 825 1292 868 dicunt
1330 830 1372 868 et
1408 825 1572 868 insulas

127 901 248 952 iisse,
288 900 324 941 si
371 899 440 940 cui
476 899 742 954 persuadere⁴
765 903 925 954 posset,
952 903 1002 941 ut
1032 899 1174 942 locum
1202 899 1286 955 ipsi
1315 899 1371 942 ad
1399 900 1571 955 parien-

201 972 466 1027 concederet‚
497 973 685 1029 undique
715 987 815 1017 vero
845 974 1060 1029 repulsam
1081 975 1242 1027 tulisse,
1259 974 1394 1017 donec
1416 974 1570 1017 Delum

140 1048 247 1100 erit:
288 1047 364 1098 sed
404 1047 569 1090 duabus
603 1048 649 1089 in
679 1046 806 1090 rebus
836 1049 974 1091 nostri
1003 1049 1194 1097 auctoris
1224 1049 1416 1091 narratio
1447 1063 1473 1091 a
1505 1062 1571 1091 ce-

65 1122 176 1174 tens
200 1122 400 1168 omnibus
431 1122 648 1179 discrepat
678 1128 721 1166 et
750 1124 971 1178 aliquanto
1003 1123 1236 1179 simplicior
1268 1129 1333 1166 est
1355 1118 1485 1178 'atque
1516 1123 1570 1167 ob

68 1196 296 1253 idipsum
337 1199 568 1253 antiquior.
627 1199 738 1241 Nam
774 1212 907 1254 quum
944 1199 1070 1253 vulgo
1101 1198 1275 1241 Iunonis
1307 1198 1466 1241 invidia
1493 1212 1572 1253 per

65 1260 216 1329 omnes
253 1272 421 1316 Latona
456 1278 595 1316 terras
633 1274 851 1329 exagitata
887 1287 977 1316 esse
1024 1272 1194 1315 dicatur
1225 1278 1267 1315 et
1295 1277 1474 1328 propter
1500 1272 1573 1315 lu-

66 1336 193 1408 {ionis
223 1348 332 1389 iram
363 1347 417 1390 ab
448 1347 644 1391 omnibus
674 1348 914 1403 repudiata,
945 1353 1092 1390 noster
1122 1356 1251 1402 poeta
1282 1347 1444 1389 erranti
1464 1346 1569 1389 deae

64 1410 150 1480 Ϊιρο
180 1422 401 1464 consilium
433 1421 609 1475 tribuit,
639 1426 690 1464 ut
718 1427 858 1465 terras
888 1421 945 1464 ad
976 1421 1138 1463 cultum
1167 1420 1245 1463 filii
1276 1420 1569 1475 recipiendum

67 1500 348 1553 permoveret,
378 1496 532 1539 Iunoni
561 1500 706 1539 autem
735 1510 809 1553 eas
838 1501 1008 1539 tantum
1036 1500 1197 1551 parteS‚
1229 1508 1336 1550 quas
1366 1494 1570 1538 eidemin

67 1568 296 1630 Alcmenae
325 1575 457 1626 partu
485 1571 697 1614 Homerus
733 1571 854 1614 dedit
892 1571 942 1613 Il.
975 1571 1009 1613 T
1043 1573 1146 1624 119,
1186 1575 1235 1612 ut
1264 1569 1482 1624 Ilithyiam
1513 1568 1568 1612 ab

67 1630 148 1700 ope
186 1644 377 1687 Latonae
414 1646 590 1688 ferenda
619 1650 798 1689 arceret.
860 1645 1060 1697 Quamvis
1090 1646 1200 1687 enim
1232 1645 1369 1686 multa
1398 1649 1499 1687 ante
1529 1658 1567 1689 v,

67 1716 129 1766 30
146 1719 357 1762 'excidisse
389 1725 569 1773 statuas,
600 1725 745 1763 tamen
773 1719 867 1762 fieri
898 1734 982 1762 non
1011 1724 1168 1774 potest,
1199 1725 1248 1762 ut
1275 1718 1468 1761 versibus
1497 1718 1569 1761 de—

87 1779 249 1841 'erditis
289 1794 418 1849 poeta
455 1795 660 1838 Iunonem
703 1794 856 1837 fecerit
892 1798 1032 1837 terras
1062 1799 1378 1846 exsecrantem,
1414 1795 1451 1836 si
1481 1807 1567 1849 qua

130 1872 276 1923 tonam
317 1870 547 1924 reciperet,
585 1870 787 1924 quoniam
823 1883 905 1913 vss.
937 1872 988 1910 47
1022 1882 1114 1924 sqq.
1146 1872 1190 1911 et
1221 1871 1273 1910 66
1307 1881 1398 1923 sqq.
1429 1881 1566 1923 neque

136 1957 236 1987 erae
266 1957 403 1998 neque
433 1945 566 1987 Delus
604 1946 864 1988 recusationi
894 1958 998 1986 suae
1027 1945 1137 1986 iram
1166 1944 1340 1986 lunonis
1370 1949 1567 1998 praeten—

150 2003 193 2071 ἰ,
222 2007 309 2061 'sed
342 2009 625 2062 reverentiam
655 2033 775 2062 suam
806 2023 851 2061 et
878 2024 1062 2068 metum,
1097 2032 1151 2061 ne
1181 2018 1368 2073 Apollini
1399 2020 1485 2060 situ
1515 2031 1568 2060 ac

131 2095 327 2137 o-minus
356 2094 511 2138 idoneo
541 2096 606 2137 uti
634 2094 864 2139 videantur
890 2107 994 2136 neve
1025 2093 1130 2137 deus
1161 2094 1212 2135 de
1243 2093 1324 2135 hac
1354 2108 1400 2136 re
1429 2095 1568 2135 iratus

134 2160 334 2230 ‘b‘mmodo
362 2171 480 2224 ipsas
510 2171 654 2224 aliquo
684 2169 859 2212 afficiat.
901 2169 1097 2212 Alterum
1127 2174 1280 2223 poetae
1311 2170 1446 2210 nostri
1466 2181 1566 2222 pro—

11 2242 68 2303 ’ᾖ
132 2251 207 2304 um
234 2241 279 2284 in
309 2258 359 2286 eo
391 2246 592 2298 cernitur,
623 2244 739 2299 quod
761 2245 848 2287 iam
879 2248 978 2287 ante
1000 2244 1241 2299 Apollinem
1263 2248 1413 2285 natum
1434 2243 1566 2285 Delus

148 2326 215 2371 Bm
252 2322 383 2373 atque
429 2333 574 2362 omnes
603 2321 770 2362 insulae
802 2321 941 2362 utitur
971 2319 1240 2372 condicione,
1272 2331 1402 2373 quum
1433 2318 1565 2360 ceteri

130 2385 217 2437 -tae
235 2399 236 2402 ’
253 2398 297 2435 et
337 2395 638 2450 mythographi
677 2396 884 2447 insulam,
928 2403 1058 2437 antea
1086 2394 1332 2437 instabilem
1362 2397 1407 2434 et
1436 2392 1565 2434 undis

134 2456 292 2529 stam,
320 2474 493 2531 ¹postea
537 2469 707 2514 demum
751 2483 830 2525 pro
873 2469 1079 2513 beneficio
1118 2469 1327 2514 Latonae.
1355 2467 1564 2523 praestito

27 2578 39 2597 „v
134 2529 289 2603 fersisse
319 2542 465 2597 dicant
494 2549 537 2586 et
566 2546 612 2587 in
640 2546 772 2588 fundo
802 2546 934 2587 maris
964 2559 1055 2587 esse
1085 2544 1229 2587 fixam.
1265 2548 1269 2550 ’

209 2768 234 2815 “)
257 2767 313 2806 Cf.
335 2767 529 2814 Bottigeri:
554 2768 696 2807 Griech.
721 2769 1009 2817 Vasengemmde
1030 2770 1048 2806 I
1072 2771 1093 2806 2
1115 2781 1151 2816 p.
1176 2769 1253 2808 113.
