1623 2915
773 102 829 143 39

0 231 93 298 ’τῇ
125 239 178 282 Η.
208 240 253 282 in
283 241 377 283 cer.
409 240 515 295 2323
546 240 594 283 11,
612 242 666 283 N.
699 241 806 294 493;
839 239 925 283 Od..
951 238 1095 294 {1063
1126 243 1163 282 θ
1190 242 1295 293 383;
1326 256 1348 281 ν
1375 243 1465 283 104.
1499 240 1554 283 At

0 305 6 330 ἶ
35 321 198 357 'omnes
226 315 271 357 hi
301 313 385 357 loci
416 318 532 357 certe
563 329 612 364 eo
642 313 856 367 differunt,
897 318 945 356 ut
983 330 1149 370 semper
1181 330 1231 357 ex
1261 315 1553 370 praecedenti-

24 410 26 412 *
53 375 131 430 bus
162 403 293 431 causa
323 389 437 430 clare
468 392 687 443 appareat,
732 402 806 430 cur
837 388 993 443 aliquis
1026 389 1224 443 gaudeat,
1256 389 1370 444 quod
1402 393 1554 431 contra

53 467 119 507 est
147 464 227 507 hoc
260 463 362 505 loco.
423 458 575 517 Itaque
612 465 773 505 rectius
811 478 977 505 versum
1014 467 1062 505 13
1095 465 1308 513 eiecisset,
1335 464 1395 506 ad
1426 477 1551 518 quem

50 528 187 594 magis
216 538 432 592 pertinent
462 537 654 593 exempla
686 552 737 579 ex
768 537 951 580 Homero
984 538 1131 581 allata.

66 615 67 618 ’
187 612 370 654 Versum
414 613 493 654 129
540 613 588 653 A.
631 611 893 653 Matthiacus
937 625 1022 653 non
1068 611 1282 653 dubitavit
1329 616 1550 666 tamquam

0 728 2 733 ,
51 687 243 744 spurium
289 690 333 729 et
379 685 682 742 praecedentia
710 690 891 737 ,tantum
935 687 1127 729 oratione
1160 687 1326 728 variata
1356 691 1550 742 repeten-

0 813 1 816 ,
51 765 138 820 tem
176 762 341 803 uncinis
367 761 606 816 includere3
648 775 733 815 qua
773 764 916 802 tamen
946 761 1039 814 lege
1070 762 1236 803 sancita
1266 775 1393 816 quam
1425 761 1550 803 multi

49 835 197 880 Iliadis
228 840 270 880 et
302 835 516 891 Odysseae
546 850 692 878 versus
723 839 865 878 essent
897 835 1090 878 delendi!

2 896 4 898 .
190 910 350 953 Contra
370 924 470 952 vera
491 909 770 963 interpolatio
793 909 1125 964 deprehenditur
1145 911 1188 951 in
1206 924 1285 951 vss.
1310 911 1546 960 135-139,
1570 928 1575 936 ·

35 968 159 1035 ===Nam
200 998 331 1039 quum
370 999 407 1025 v.
450 987 527 1026 139
570 984 688 1025 nulla
728 998 773 1025 re
812 998 905 1026 cum
937 984 1290 1039 praecedentibus
1322 985 1549 1027 cohaereat

53 1050 93 1102 et
123 1058 313 1100 versibus
345 1058 424 1100 135
457 1072 548 1112 sqq.
580 1062 679 1112 post
708 1072 744 1099 V.
777 1059 858 1100 139
881 1058 1113 1111 collocatis,
1147 1058 1261 1112 quod
1285 1059 1549 1113 experimen—

51 1130 139 1175 tum
170 1132 332 1187 Ilgenio
363 1137 406 1174 et
435 1132 588 1174 Bothio
619 1133 795 1187 placuit,
827 1148 903 1187 pro
932 1132 1127 1190 βεβρίθει
1144 1134 1389 1187 requiratur
1407 1131 1549 1190 βέβρι-

49 1210 126 1251 :lev
164 1211 293 1262 atque
336 1208 513 1262 insuper
554 1207 758 1262 languida
798 1208 904 1250 fluat
933 1209 1097 1259 oratio,
1130 1209 1259 1249 variis
1290 1207 1546 1250 lectionibus

51 1282 279 1325 conflatum
311 1296 401 1324 esse
431 1283 572 1324 locum
603 1287 795 1324 nostrum
827 1297 997 1324 necesse
1020 1288 1084 1324 est
1106 1288 1357 1325 statuamus,
1396 1283 1548 1336 Itaque

51 1357 294 1410 quaeritur,
340 1359 485 1397 utrum
523 1370 586 1398 vv.
630 1356 851 1398 136-138
893 1357 1148 1410 antiquioris
1181 1361 1331 1411 poetae
1363 1357 1459 1408 sint,
1491 1370 1546 1398 an

50 1445 86 1474 v.
120 1432 212 1482 139,
246 1431 320 1484 qui
349 1430 434 1471 illis
466 1430 612 1471 eiectis
641 1429 749 1472 bene
782 1431 865 1472 coit
896 1445 990 1472 cum
1023 1446 1058 1471 v.
1096 1434 1186 1471 135.
1220 1431 1545 1486 Ruhnkenius1)

45 1505 189 1559 igitur,
221 1504 269 1554 F.
303 1504 347 1547 C.
380 1504 603 1555 Matthiae,
634 1504 821 1557 Ilgenius
852 1519 1017 1546 versum
1057 1508 1133 1546 139
1158 1507 1372 1547 eiecerunt
1405 1519 1546 1547 serva-

46 1579 100 1620 tis
145 1578 281 1620 tribus
330 1578 707 1633 antecedentibus3
756 1579 909 1620 ceteris
948 1579 1256 1633 interpretibus
1294 1581 1386 1620 iure
1425 1593 1546 1621 secus

45 1653 179 1696 visum
212 1656 287 1696 est.
347 1652 533 1695 Primum
576 1653 687 1695 enim
724 1668 787 1696 vv,
825 1656 1045 1695 136--138
1079 1659 1249 1696 exstant
1279 1654 1342 1695 illi
1374 1654 1546 1708 quidem

43 1729 87 1769 in
118 1727 302 1769 editione
332 1727 482 1780 prima,
509 1726 584 1768 sed
619 1728 876 1769 omittuntur
913 1728 956 1768 in
996 1727 1189 1769 omnibus
1233 1727 1354 1769 libris
1395 1742 1545 1769 manu—

45 1803 232 1856 scriptis,
266 1817 316 1844 ex
346 1801 500 1856 quibus
533 1801 612 1843 soli
644 1802 742 1843 Itali
766 1816 836 1843 eos
858 1802 902 1843 in
922 1804 1111 1855 margine
1135 1802 1347 1844 exhibent.
1381 1802 1545 1844 Deinde

47 1890 306 1931 quamquam
346 1889 431 1917 non
460 1876 504 1916 iu
533 1875 620 1916 illis
649 1876 785 1930 magis
816 1890 945 1930 quam
977 1877 1018 1917 in
1050 1891 1086 1917 r.
1121 1876 1201 1918 139
1233 1890 1313 1918 vox
1344 1880 1543 1918 occurrat

43 1956 120 1995 aut
151 1951 427 2003 constructio,
461 1965 570 2005 quae
600 1965 684 1993 non
716 1951 829 2005 apud
859 1952 997 2005 ipsum
1029 1951 1259 1993 Homerum
1290 1952 1542 2002 inveniatur,

32 2016 187 2069 ‘tamen
227 2025 283 2068 ad
325 2025 504 2067 virtutes
544 2025 733 2079 poeticas
780 2024 894 2079 quod
937 2026 1123 2077 attinet,
1166 2030 1252 2067 tres
1292 2025 1353 2068 illi
1396 2040 1543 2068 versus

37 2114 146 2155 ,prae
196 2100 473 2153 subsequenti
522 2100 632 2141 male
682 2100 887 2153 languent
937 2103 979 2140 et
1028 2099 1167 2140 verbis
1219 2104 1261 2140 et
1305 2098 1541 2150 sen‘tentiis,

41 2175 224 2218 maxime
265 2177 409 2216 autem
454 2159 624 2216 inficeto
661 2174 743 2215 isto
782 2173 1073 2216 additamento
1113 2172 1262 2230 φίλησε
1302 2171 1347 2215 δὲ
1388 2169 1544 2229 κηρόθι

14 2245 213 2302 *panon
276 2248 410 2299 Quam
453 2247 506 2289 ob
537 2261 626 2289 rem
658 2233 1003 2302 amplificationis
1037 2262 1165 2290 causa
1196 2247 1316 2301 adv.
1359 2250 1435 2288 139
1468 2261 1542 2301 ap—

28 2319 182 2380 ·pictos
232 2337 305 2366 eos
348 2337 438 2365 esse
476 2336 626 2366 censeo
667 2322 720 2365 ab
758 2323 927 2365 homine
971 2324 1144 2365 serioris
1189 2323 1366 2375 aetatis,
1418 2336 1543 2376 quem

44 2387 435 2441 Alexandrinorum
489 2401 713 2453 poetarum
759 2401 901 2440 tumor
944 2397 1169 2440 verborum
1217 2402 1345 2451 atque
1388 2411 1544 2452 pompa

9 2505 12 2508 .
43 2476 269 2527 tantopere
300 2471 589 2524 delectaverit,
619 2475 669 2513 ut
698 2471 856 2526 frigida
885 2486 935 2514 ac
965 2472 1107 2514 ieiuna
1137 2473 1176 2515 ei
1207 2485 1297 2514 esse
1327 2470 1545 2514 videretur

41 2547 181 2590 oratio
212 2546 394 2602 simplex
424 2550 467 2590 et
495 2547 653 2591 nativa.
673 2547 707 2603 ²)

185 2716 206 2763 ¹)
229 2716 336 2762 Initio
360 2717 422 2754 ille
448 2718 600 2763 quidem,
625 2721 750 2764 postea
772 2720 923 2756 mutavit
946 2720 1172 2759 sententiam.

177 2780 207 2827 ²)
235 2779 289 2817 Cf.
315 2780 535 2819 Schneidew.
559 2782 584 2819 L
608 2792 638 2818 c.
662 2794 696 2828 p.
722 2782 768 2818 20
791 2792 868 2833 sqq.
