1623 2915
647 44 651 53 Ἰ
682 41 684 43 Ι
703 18 737 50 ἐξ..
747 17 788 54 ‘'fr-'⁴‘
803 18 849 51 lvde-
865 18 882 30 vt
943 29 946 32 ,
1016 27 1029 40 ,Ι
1042 29 1073 50 ,ῚᾸΧῘ
1103 26 1128 40 *r
1161 34 1166 40 .
1183 24 1216 45 ¹1·
1244 38 1247 39 γ
1277 25 1317 49 :fg-
1340 28 1447 51 ¹*Q¹{x‘⁴*
1466 39 1481 50 A·

790 82 851 128 34,
1541 125 1548 135 ο

1591 150 1606 166 ι)

59 220 277 273 rivaverit,
307 218 436 276 plane
465 235 552 264 non
577 198 814 276 potuerint,
846 219 949 264 Itali
978 217 1142 273 autem,
1172 222 1317 264 aetate
1345 224 1396 263 ut
1422 193 1605 263 videtne·
1589 220 1623 268 ..τὲ

57 299 130 338 tur
158 294 348 358 priores,
381 294 531 351 (DFL)
563 294 792 338 divinando
832 295 1022 337 incerta
1037 294 1280 337 litterarum
1318 294 1591 350 presserint?
1610 276 1623 335 ³]

56 370 250 425 vestigia.
265 371 297 426 ¹)
356 370 409 412 H.
446 369 687 425 Stephanus
719 371 883 425 primus
913 362 1062 422 e'didit,
1090 379 1146 411 ‘ex
1177 369 1322 412 codice
1350 368 1610 413 incertam-1<

56 459 111 488 an
142 459 165 487 e
196 445 463 488 coniectura:
509 443 635 501 δηοὸν
663 458 793 487 ανακτ
845 440 885 486 εἰ
922 440 1121 498 βόσκοις,
1168 442 1212 486 οι’
1246 457 1295 485 τε
1322 440 1422 486 θεοί
1450 441 1495 487 κέ
1525 439 1562 485 (5'
1592 444 1595 446 ’

58 511 224 573 ἔχωσιν,
257 524 439 573 eumque
469 518 605 561 secuti
637 522 736 560 sunt
765 519 949 573 proximi
980 517 1164 560 editores
1204 521 1375 572 praeter
1403 517 1565 559 Barne-
1613 531 1616 535 ’

58 594 180 649 sium,
212 593 286 648 qui
323 593 568 636 coniectura
598 593 791 647 collegit:
825 590 865 635 εἰ
893 588 1048 649 βόσκῃς
1075 590 1150 634 σὸν.
1179 586 1360 634 ἄνακτα·
1390 589 1490 635 θεοί
1516 590 1563 633 κέ

57 680 107 710 σε
138 667 267 724 δηρὸν
297 663 437 722 ἔχωσι.
497 667 555 709 At
586 667 651 708 his
681 667 882 709 remediis
913 673 1051 709 metro
1084 666 1257 720 quidem
1287 666 1559 709 satisfactum

56 747 135 794 est,
168 742 250 783 sed.
274 756 422 784 sensus
453 741 635 784 laborat.
695 741 893 794 Namque
922 741 1109 795 primum
1146 737 1259 794 ἔχειν
1294 739 1389 781 τινὰ
1416 727 1563 798 χειρὸς

55 811 129 857 ἀπ’
161 811 385 873 ἀλλοτρίης
415 829 552 869 neque
585 829 683 856 cum
710 814 932 857 nutriendi
963 828 1100 869 neque
1132 829 1226 859 cum
1257 814 1559 871 defendendi&

56 889 372 945 significatione
403 889 564 933 Graece
596 890 679 931 dici
712 894 874 944 potest3
906 895 997 931 tum
1031 894 1074 932 et
1107 889 1267 931 locutio
1295 884 1454 931 ἄνακτα
1488 884 1562 943 βό-

58 977 173 1007 σκειν
203 966 273 1006 vix
303 966 368 1006 ita
398 965 512 1019 apud
532 964 689 1006 bonum
714 965 965 1019 scriptorem
990 963 1126 1016 obvia,
1158 968 1203 1006 et
1222 964 1366 1006 insula
1384 960 1561 1021 κραναή-

55 1038 187 1088 πεδος
217 1040 362 1093 potius
393 1053 419 1080 a
449 1038 527 1080 deo
560 1038 741 1080 dicenda
771 1037 855 1079 suit
885 1039 1070 1088 nutriri,
1119 1051 1247 1091 quam
1278 1038 1381 1079 deus
1412 1037 1467 1079 ab
1496 1039 1560 1079 in-

56 1113 164 1154 sula.
225 1112 390 1154 Deinde
420 1116 648 1166 postquam
678 1113 912 1166 praecessit
943 1110 983 1153 εἷ
1012 1109 1094 1167 γάρ
1122 1107 1156 1153 κ’
1189 1109 1357 1160 ἐθέλοις
1385 1127 1421 1153 κ.
1452 1125 1489 1153 τ.
1519 1111 1581 1154 λι

55 1187 123 1228 vel
155 1200 247 1240 quo⁴
271 1186 378 1227 illud
408 1187 635 1240 repetitur:
668 1184 715 1228 αἰ
745 1185 792 1228 δέ
821 1183 854 1227 κ’
883 1182 1153 1235 Ἀπόλλωνος
1181 1202 1215 1227 κ.
1240 1201 1277 1228 τ.
1298 1185 1348 1238 L,
1381 1186 1562 1228 alteram
1612 1226 1616 1231 .

55 1261 396 1315 propositionem
429 1260 766 1302 condicionalem
799 1260 950 1302 subiici
980 1274 1063 1302 non
1085 1260 1218 1311 licuit,
1251 1260 1452 1314 quoniam
1478 1274 1562 1302 una
1595 1245 1597 1247 V

54 1335 132 1377 illa
177 1335 426 1377 condicione
472 1339 651 1388 accepta
691 1335 776 1377 iam
818 1335 970 1388 Apollo
1016 1334 1221 1376 dicendus
1266 1340 1360 1376 erat
1405 1334 1559 1376 Delum

58 1423 227 1464 semper
257 1409 301 1450 in
332 1408 492 1451 honore
539 1423 630 1451 esse
668 1408 916 1462 habiturus3
969 1409 1152 1463 denique
1190 1422 1267 1450 nec
1307 1407 1435 1467 δηρὸν
1473 1403 1562 1451 αἰὲί

56 1499 135 1527 nec
166 1499 247 1526 vox
276 1483 375 1526 θεοί
405 1483 599 1535 ferenda,
645 1483 715 1525 ubi
747 1484 799 1526 de
829 1499 912 1525 uno
945 1484 1141 1537 Apolline
1173 1498 1312 1526 sermo
1343 1489 1421 1526 est.
1481 1484 1561 1526 Vel

56 1573 110 1602 ex
134 1558 200 1600 his
233 1571 342 1612 quae
373 1558 499 1600 modo
530 1558 827 1612 proposuimus
858 1559 1122 1612 argumentis
1153 1562 1347 1612 apparet,
1380 1572 1456 1600 cur
1485 1572 1557 1614 ne—

56 1647 139 1686 que
179 1632 504 1687 Buttmanni³):
545 1630 671 1687 δηρὸν
708 1626 814 1683 ἄναξ
850 1630 998 1684 βόσκοι
1038 1644 1108 1679 σε,
1145 1631 1243 1672 θεοὶ.
1280 1630 1325 1673 δέ
1360 1646 1407 1672 κε
1435 1628 1557 1688 μηρί’

58 1703 210 1760 ἔχωσιν
240 1720 377 1759 neque
408 1705 689 1761 Hermannffl)
723 1706 988 1747 coniectura:
1028 1705 1153 1761 δηρόν
1185 1701 1290 1757 ἅναξ
1317 1702 1465 1759 βόσκοι
1494 1719 1557 1756 σε,

53 1779 152 1822 θεοὶ
183 1778 228 1821 δέ
258 1778 304 1821 κε’
335 1775 465 1821 σἀἰὲν
495 1776 647 1833 ἔχωσιν
677 1778 825 1821 efficax
855 1778 1089 1822 remedium
1121 1793 1213 1822 esse
1246 1779 1457 1824 videatur.

195 1855 395 1895 Ceterum
437 1854 709 1895 Hermannus
748 1868 813 1895 vv,
846 1857 912 1904 59,
947 1855 1001 1895 60
1030 1868 1115 1895 non
1146 1853 1201 1895 ab
1232 1868 1281 1895 eo
1312 1859 1441 1908 poeta
1470 1854 1557 1896 fac-

53 1931 122 1971 tos
153 1942 243 1971 esse
276 1931 434 1980 censet,
466 1928 538 1982 qui
569 1928 732 1983 primus
763 1928 876 1970 hunc
905 1927 1106 1982 hymnum
1138 1928 1389 1982 condiderit,
1424 1928 1499 1972 sed
1530 1943 1556 1971 a
1621 1915 1623 1917 ¹

53 2006 199 2045 vetere
231 2002 306 2044 illo
337 2002 668 2057 interpolatore,
707 2017 833 2057 quem
865 2002 945 2044 sibi
977 2001 1306 2058 deprehendisse
1336 2004 1451 2047 visus
1481 2007 1558 2058 est,

55 2078 101 2119 in
131 2077 272 2118 locum
313 2091 510 2119 versuum
542 2078 611 2130 57,
646 2081 698 2119 58
730 2077 998 2120 substitutos.
1061 2077 1221 2120 Contra
1264 2077 1560 2123 Schierenber—

54 2152 148 2206 gius
165 2151 198 2207 ⁵)
230 2166 295 2194 vv.
329 2155 395 2203 59,
428 2154 495 2204 60,
528 2152 740 2206 quomodo
757 2152 1027 2194 Hermannus
1050 2167 1122 2194 eos
1153 2153 1357 2205 restituit,
1388 2167 1558 2196 versum

53 2226 109 2269 52
141 2225 262 2281 sequi
291 2224 413 2269 iubet
442 2240 526 2269 non
557 2220 783 2282 perspecta
814 2227 952 2271 forma
973 2228 1181 2271 orationis
1202 2242 1299 2272 vere
1316 2227 1578 2282 Homerica,

194 2445 219 2488 ¹)
245 2443 299 2479 Cf.
326 2443 518 2484 Baumeist.
542 2444 578 2481 h.
603 2445 648 2480 Η.
673 2457 708 2490 p.
732 2446 777 2490 5;
804 2446 870 2491 ‚¹30
894 2456 944 2491 sq⁴

192 2509 219 2553 ²)
244 2507 425 2544 Posterius
448 2507 516 2543 hoc
539 2509 755 2554 excogitavit
780 2510 962 2546 Frankius
987 2511 1077 2546 falsa
1101 2520 1226 2546 versus
1250 2509 1296 2546 64
1320 2509 1557 2557 explicatione

50 2570 234 2615 inductus;
259 2571 305 2605 de
331 2582 400 2615 qua
424 2581 462 2604 re
487 2571 569 2605 vide
595 2572 813 2609 Schneidew.
838 2573 861 2609 1.
887 2584 915 2609 c.
940 2584 975 2618 p.
1002 2573 1045 2608 18
1070 2583 1123 2619 sq.

191 2634 219 2679 ³)
245 2633 297 2669 Cf.
324 2633 530 2669 Buttmanni
554 2634 715 2679 Lexilog.
741 2636 785 2672 11.
811 2648 845 2681 p.
871 2636 925 2673 52.

189 2697 219 2741 ⁴)
242 2696 363 2731 Herm.
389 2697 424 2730 in
446 2697 513 2742 Ep.
538 2697 583 2732 ad
609 2698 673 2742 Ilg.
698 2710 733 2742 p.
758 2699 871 2734 XXV.

164 2790 168 2797 ,
191 2759 218 2805 ⁸)
242 2758 558 2806 Schierenbergius
582 2761 605 2797 l.
631 2772 658 2797 c.
683 2775 718 2809 p.
744 2761 800 2799 21.
